3267 5209
1339 359 1381 421 57

204 535 256 599 als
272 532 345 599 eine
362 532 420 600 des
437 534 698 601 untadelhaften
714 533 922 600 Verheltens
938 535 1134 619 gegeniiber
1157 532 1231 598 dem
1247 533 1383 621 Tempel

205 658 326 726 Gottes
357 660 426 726 und
461 660 511 725 als
546 658 637 740 eine,
672 658 725 724 die
746 656 825 745 jede
852 655 924 723 Art
946 680 1012 723 von
1035 657 1161 724 Frevel
1196 679 1305 745 gegen
1329 658 1382 724 die

204 784 416 851 Keusehheit
438 785 607 851 durehaus
631 805 692 850 aus
723 784 785 849 der
809 782 939 849 Kirche
964 788 1143 849 ausrottet.
1168 782 1272 849 Recte
1295 782 1383 848 enim

205 908 310 975 sensit
333 909 478 997 Kroym.
502 909 665 976 tuendum
690 931 760 975 esse
782 909 983 995 sacmteye‘am
1001 908 1228 995 padicitiae.

294 1074 335 1082 —
368 1036 543 1100 sanctitatis
581 1035 681 1098 amae's
713 1058 788 1119 erga
820 1033 964 1121 temptam
996 1034 1052 1098 da·
1077 1047 1261 1115 sanctam,
1296 1033 1383 1095 item

205 1176 232 1225 et
254 1162 366 1245 abique
389 1160 598 1224 eradicantem
621 1158 675 1225 vel
698 1158 767 1226 tale
791 1158 873 1245 quid
891 1157 1078 1224 Stowass.
1093 1196 1136 1205 —-
1152 1158 1252 1221 ornate
1266 1160 1382 1223 saacti-

206 1287 280 1350 tatis
303 1324 345 1333 -
370 1285 563 1349 saam’tm'cem
588 1284 643 1350 vel
669 1284 814 1347 eamdam
837 1308 905 1346 eam
928 1283 1040 1367 abique
1062 1282 1102 1347 de
1125 1283 1253 1347 ecclesia
1277 1283 1382 1346 eradi-

204 1424 324 1475 cantem
350 1410 421 1498 ipse
451 1409 640 1499 suspicatus
672 1431 773 1476 eram.
816 1406 1011 1472 Sancieatem
1044 1407 1149 1490 enim,
1189 1407 1276 1495 quod
1309 1407 1384 1474 voci

101 1533 103 1542 ’
204 1535 414 1599 eradicantem
426 1534 550 1623 optime
563 1534 789 1620 responderet,
805 1532 958 1623 quodque
970 1532 1006 1598 in
1018 1533 1212 1596 samatatem
1222 1531 1383 1599 facillime

204 1666 488 1749 corrumperetur,
514 1660 674 1747 quomodo
691 1659 735 1724 ad
757 1664 966 1725 structuram
991 1658 1160 1745 quadrare
1182 1656 1298 1745 possit,
1322 1678 1384 1742 ego

98 1834 106 1857 ‚
205 1808 271 1849 non
295 1784 408 1867 video,
434 1785 499 1851 nisi
523 1783 614 1851 forte
638 1806 678 1850 ex
695 1783 925 1871 parastatica
948 1782 1134 1849 restituere
1156 1782 1243 1848 velie
1259 1783 1385 1869 mieci-

202 1910 425 1997 pati<ta>tem,
450 1910 523 1977 coll.
541 1933 567 1975 c.
588 1914 628 1976 13
653 1908 692 1975 de
716 1931 768 1975 an.
795 1910 842 1995 (p.
860 1911 935 1988 317,
953 1930 986 1972 v.
1004 1909 1047 1973 29
1064 1905 1135 1994 sq.),
1161 1905 1249 1994 quod
1272 1914 1388 1974 tamea

205 2058 393 2123 proponere
417 2035 477 2102 vix
501 2034 616 2102 audeo,
