3267 5209
276 348 320 411 60

273 523 396 604 atcere,
421 522 477 587 scd
499 522 539 586 de
557 522 771 609 providentia,
795 524 927 611 epirotas
950 532 1104 606 sanctus,
1122 523 1364 613 praedamnans
1386 522 1448 585 iam

273 647 443 712 haereticos
466 661 655 736 perpetuam
689 647 909 712 abstinentiam
936 663 1159 737 praecepturos
1187 646 1232 711 ad
1263 646 1448 711 destruenda

274 785 302 835 ct
324 772 525 861 despicienda
549 798 644 862 opera
666 774 826 837 cremate.

362 897 440 964 Non
458 905 540 985 puto
565 898 687 964 merito
711 898 796 965 viris
821 898 928 965 doctis
950 898 1116 988 placuisse
1139 898 1306 968 ciacconii
1329 897 1450 964 coniec-

273 1027 398 1101 turam,
423 1022 481 1109 qui
504 1022 547 1088 ad
570 1024 716 1111 reprobat
739 1029 850 1090 moute
878 1024 1038 1111 apostolom
1061 1029 1102 1089 ut
1125 1023 1274 1091 subiecto
1298 1021 1451 1112 suppleto

274 1146 427 1235 scripsit:
451 1185 495 1195 -
511 1147 566 1211 scd
588 1147 628 1211 de
647 1148 849 1235 procidentia
871 1149 1004 1235 apiatas
1025 1152 1149 1214 suomi.-
1181 1147 1232 1215 cf.
1259 1148 1299 1215 de
1323 1170 1450 1214 resurr.

273 1294 364 1339 carn.
377 1296 404 1339 c.
419 1270 581 1356 24(0eh1.
594 1273 641 1353 ΙΙ,
654 1297 687 1361 p.
701 1275 777 1341 498.
794 1277 836 1341 19
849 1272 950 1362 sqq.):
964 1273 1088 1338 Etidco
1098 1274 1452 1361 maiestasspc'ritas

272 1400 400 1462 sancti
414 1399 588 1486 perspicua
610 1396 766 1462 eiusmodi
785 1422 930 1463 ammaum
954 1413 982 1462 ct
1003 1401 1055 1464 tro
1085 1400 1158 1485 apsa
1186 1398 1231 1461 ad
1254 1397 1452 1461 Thessaloni·

271 1548 374 1586 causas
401 1523 537 1611 epistula
559 1523 697 1609 mtpporc't
720 1560 772 1588 -.

362 1777 388 1819 c.
410 1759 460 1835 16,
477 1778 510 1843 p.
527 1758 603 1836 295,
620 1778 652 1819 v.
671 1758 710 1823 9:
734 1754 907 1841 Loquitur
922 1761 1043 1823 auctor
1065 1754 1106 1822 de
1121 1754 1249 1834 Samae,
1275 1754 1329 1821 cui
1344 1753 1453 1821 falsus
1598 1777 1600 1862 p

272 1877 408 1967 quidam
428 1880 596 1968 propheta
618 1887 845 1969 persuaserat,
870 1885 910 1946 ut
934 1879 1059 1959 ederet,
1085 1902 1160 1946 oum
1183 1879 1265 1947 deus
1287 1879 1454 1946 ieiunium

185 1958 235 2109 j
272 2004 304 2070 ei
335 2004 535 2092 imperasset
566 2003 596 2092 (1
621 2003 708 2092 Reg.
736 2009 794 2086 13,
822 2006 895 2089 18):
936 2006 1015 2087 Moe
1046 2006 1085 2068 ab
1117 2005 1183 2069 atio
1212 2028 1282 2069 sena
1327 2005 1453 2068 arcuato

67 2201 70 2210 Ι
189 2186 193 2203 ,
269 2131 477 2219 prophetam
499 2144 742 2217 concrepamus
764 2168 819 2193 —.

41 2236 45 2245 ‘
144 2222 188 2295 ’,31

33 2282 34 2285 ’
124 2300 184 2369 ἢ,
360 2253 549 2342 Egregium
564 2254 708 2321 Pamelii
733 2254 1012 2321 emendationem:
1030 2255 1317 2342 prophetamus,
1340 2254 1453 2323 nescio

274 2401 334 2444 our
358 2384 393 2445 et
417 2378 583 2446 Oehlerus
607 2384 642 2445 et
665 2378 766 2446 Reiff.
792 2378 998 2468 spreverint.
1599 2317 1602 2540 Ι

359 2634 386 2677 o.
414 2616 465 2690 17,
489 2635 521 2699 p.
546 2614 620 2693 296,
653 2636 685 2677 v.
712 2615 771 2678 24:
806 2611 899 2677 Tem.
924 2609 1024 2677 fidem
1046 2633 1184 2698 segnem
1215 2609 1453 2699 psychicorum

270 2735 478 2802 amarissime
501 2735 753 2823 perstringens:
778 2735 878 2823 Apud
900 2750 939 2818 te,
963 2735 1091 2824 inquit,
1124 2759 1226 2824 agape
1248 2738 1283 2800 ia
1305 2738 1450 2802 caccabis

143 2930 146 2952 Ι
261 2863 377 2947 jeroct,
394 2860 481 2947 fides
504 2862 539 2925 ia
562 2862 704 2925 cultata
727 2862 817 2941 calet,
840 2886 911 2949 spes
933 2863 968 2925 c‘a
982 2859 1124 2947 faculis
1145 2863 1234 2925 iacet.

360 2984 454 3068 Quae
476 2987 581 3052 verba
597 2984 758 3053 Gelenius
781 2984 953 3052 levissima
969 3007 1074 3073 eaque
1089 2984 1313 3053 insulsissima
1328 2986 1452 3054 codicis

271 3110 324 3177 sui
347 3111 541 3199 corruptela
572 3112 730 3200 deeeptus
752 3111 803 3177 ita
829 3111 1000 3199 corrupit,
1037 3116 1077 3176 ut
1115 3110 1225 3175 calmas
1248 3135 1310 3199 pro
1334 3114 1453 3180 catinis

160 3242 164 3254 '
270 3236 443 3320 scriberet,
469 3236 564 3303 cuius
588 3258 739 3303 errorem
761 3235 863 3303 Reiff.
888 3235 1028 3303 recoxit.
