3267 5209
1333 380 1376 444 29

201 562 308 622 notat.
336 555 471 622 Scribas
488 577 569 641 ergo
585 555 703 621 velim:
729 570 842 636 teoraes,
868 558 923 622 vel
945 558 1062 643 inopes
1091 556 1145 620 vel
1168 555 1377 643 potissimum

201 704 343 766 neuros.
368 721 410 728 -
435 681 486 748 Cf.
504 706 536 768 p.
556 686 629 755 119,
646 706 679 750 v.
698 686 751 748 23.

289 955 320 1017 p.
341 935 413 1014 108,
432 957 465 998 v.
484 936 503 998 3
520 956 607 1019 sqq.:
633 932 829 995 Mentiuntur
859 957 935 995 sane
962 948 1094 1019 poetae,
1130 933 1185 995 sed
1215 958 1276 995 non
1307 933 1377 996 ideo

200 1056 283 1141 qreod
306 1057 404 1120 talia
426 1057 615 1143 yesserint
629 1106 773 1123 .......
791 1058 955 1121 domines
978 1083 1070 1143 qrtas
1094 1057 1291 1144 defuerint
1313 1081 1377 1119 nec

204 1182 302 1266 qnod
318 1182 471 1247 divinas
494 1182 774 1269 adscripserint
788 1183 859 1269 foe
874 1233 997 1249 .......
1011 1183 1241 1247 divinitatis.
1266 1182 1376 1249 lteri.

293 1307 393 1371 Hunc
408 1305 517 1371 locum
534 1305 581 1371 sic
597 1305 798 1393 supplebant
814 1312 848 1371 et
864 1306 1081 1391 corrigebant
1096 1306 1165 1371 viri
1182 1305 1289 1371 docti:
1314 1305 1377 1370 Sed

201 1456 264 1494 noa
288 1431 368 1512 ides,
393 1431 477 1515 qnod
500 1432 580 1495 tolia
604 1430 791 1517 dt’qesserint
814 1432 853 1494 de
868 1432 937 1494 deis
951 1431 1187 1512 bominesqaani
1205 1430 1376 1515 defuerint,

202 1581 254 1619 nec
285 1556 367 1640 qaod
401 1556 527 1619 dininas
566 1555 794 1642 adscripserint
815 1555 875 1641 foe
890 1606 1032 1623 .......
1047 1557 1224 1621 (lr'oinitatis
1256 1555 1376 1639 Goth.;

202 1679 256 1741 sed
279 1702 341 1741 non
365 1678 446 1759 ideo,
471 1678 554 1763 qrtod
577 1679 656 1742 talia
677 1681 829 1764 cesserint
852 1680 950 1743 vestri
963 1680 1038 1760 det,
1070 1681 1205 1743 leomines
1229 1681 1379 1765 qnando

200 1806 365 1890 fuerint,
390 1830 444 1867 nec
467 1803 551 1889 qaod
574 1804 700 1867 diot'aas
723 1804 951 1890 adscripserint
966 1806 1182 1891 foeditates
1202 1805 1379 1868 divinitatis

207 1930 315 2013 Oehl.3
352 1930 407 1992 sed
439 1954 499 1991 non
529 1929 599 1991 ideo
607 1980 616 2008 7
649 1928 731 2013 qaod
762 1928 843 1993 talia
874 1928 1059 2014 dicesserint
1091 1929 1130 1992 de
1153 1930 1220 1992 deis
1243 1930 1379 1991 termines

203 2056 327 2141 qnando
361 2055 508 2141 fuerint,
555 2079 608 2117 nec
651 2054 733 2137 (laod
776 2054 902 2117 diuinas
948 2054 1176 2141 adscripserint
1204 2053 1381 2139 foeditates

203 2182 225 2244 d
232 2181 409 2244 ioinitati
437 2180 557 2263 Reiff.;
594 2181 649 2243 sed
684 2204 744 2243 non
779 2181 850 2243 odeo
881 2181 965 2265 qnod
995 2181 1076 2245 tatio
1107 2181 1309 2267 digressu-int,
1349 2197 1381 2245 at

202 2308 314 2392 quidne
330 2308 467 2371 lioniines
483 2309 578 2392 qnasi
591 2308 646 2371 dei
656 2308 794 2393 firmat,
819 2333 873 2395 nec
889 2308 972 2392 qnod
998 2310 1011 2371 i
1015 2308 1064 2371 nd
1071 2310 1179 2394 t'qnos
1203 2308 1379 2394 adscripse-

203 2434 268 2496 rint
284 2432 456 2518 foeditates
480 2433 657 2497 dioinitatis
679 2434 780 2497 Hert.

294 2560 347 2626 Sic
381 2560 633 2646 interpretatur
667 2560 843 2625 lectionem
878 2582 971 2625 suem
1006 2560 1107 2625 Han.
1144 2561 1229 2642 (III,
1255 2582 1286 2645 p.
1304 2559 1377 2638 bil:

207 2684 437 2763 „Tertullinus
451 2682 610 2748 Gedanke
635 2682 689 2764 iet,
716 2683 790 2747 dass
816 2682 869 2747 die
883 2682 1028 2747 Dichter
1049 2706 1115 2748 von
1140 2682 1381 2748 ebsichtlicher

205 2811 409 2895 Titusehung
433 2808 708 2895 freizusprechen
732 2807 814 2888 sind,
841 2806 920 2872 weil
940 2806 1025 2893 jene,
1050 2830 1117 2873 von
1140 2809 1244 2872 (leuen
1265 2808 1313 2872 sie
1330 2829 1380 2872 er-

202 2936 337 3017 ziihlen,
370 2938 405 3001 in
436 2937 535 3000 ihren
560 2934 683 3019 Augen
707 2956 772 3019 gar
803 2933 901 2998 keine
925 2933 1049 2999 certer
1072 2956 1197 3011 waren,
1231 2933 1301 2998 und
1330 2932 1379 2998 eie

202 3061 345 3147 folglich
370 3061 464 3128 nicht
489 3062 549 3126 der
573 3059 730 3125 Gottheit
754 3057 981 3143 Unwiirdiges
1005 3058 1244 3123 e1·clichteteu.“

294 3184 421 3251 Verum
438 3182 530 3249 Tert.
548 3180 670 3247 dixisse
687 3181 832 3246 Homero
849 3181 995 3249 Hesiodo
1011 3183 1131 3249 ceteris
1146 3182 1253 3268 poetis
1268 3184 1381 3248 Iovem

206 3309 390 3373 Saturnum
419 3314 545 3374 eeteros
574 3306 650 3373 deos
682 3331 747 3373 non
770 3315 840 3373 tum
875 3307 951 3374 deos
975 3331 1074 3394 quam
1105 3308 1252 3373 homines
1277 3308 1381 3375 fuisse

206 3435 280 3499 viro
307 3434 495 3499 doctissimo
525 3433 583 3498 vix
607 3434 782 3521 qnisquam
806 3434 995 3499 crediderit.
1020 3435 1217 3507 Praeterea,
1249 3435 1277 3499 si
1301 3435 1381 3501 haec

206 3562 255 3627 ite
272 3584 306 3626 se
324 3563 499 3641 haberent,
525 3561 615 3625 haud
640 3560 813 3647 quisquam
839 3560 1062 3646 intellegeret,
1088 3562 1248 3647 quomodo
1273 3561 1382 3626 dicere

205 3691 314 3771 posset
330 3694 463 3752 auctor:
491 3688 679 3750 licentiantur
701 3710 777 3749 sane
796 3700 915 3772 poetae,
942 3686 979 3766 si,
1012 3708 1053 3751 cx
1076 3686 1181 3772 ipsius
1205 3688 1379 3768 sententia,

206 3810 245 3876 dc
260 3811 448 3877 hominibus
464 3832 543 3875 vere
554 3809 711 3875 maleficis
720 3810 882 3875 maleficia
894 3832 1011 3876 revers
1023 3812 1193 3875 commissu
1203 3811 1380 3877 referrent.

295 3933 415 4021 Itaque
431 3934 584 3999 virorum
608 3934 780 3997 doctorum
798 3934 1059 3999 correctionibus
1083 3956 1162 3998 usus
1186 3935 1232 3998 sic
1249 3933 1381 3999 Tertul-

205 4058 293 4125 liano
318 4082 378 4123 sue
402 4057 568 4123 reddenda
591 4058 757 4123 arbitror:
783 4057 979 4119 Mentiuntur
1002 4082 1077 4119 scire
1097 4072 1217 4143 poetae,
1242 4058 1297 4119 sed
1321 4082 1381 4120 non

207 4185 294 4266 r‘deo,
331 4185 413 4269 qaod
450 4187 560 4267 (non)
591 4185 670 4247 tutia
703 4183 855 4269 cesserint
893 4184 961 4245 isti
994 4183 1060 4263 dei,
1094 4183 1229 4245 domines
1256 4183 1383 4266 qaarrdo

196 4310 334 4395 fuerint,
358 4309 423 4372 sed
446 4309 530 4394 qnod
545 4309 694 4396 indiqnas
716 4308 942 4393 adscripserint
954 4306 1128 4390 foeditates
1149 4308 1320 4371 ‹b'rinitati
1339 4347 1381 4355 -

205 4436 253 4501 Ut
268 4435 355 4500 illud
371 4457 498 4521 quoque
516 4434 657 4521 Epicuri
674 4434 798 4499 dictum
817 4432 981 4497 conferam
1005 4434 1071 4519 (ap.
1088 4432 1187 4518 Diog.
1206 4434 1320 4499 Laert.
1338 4435 1380 4514 X,
