3267 5209
460 1542 461 1545 ,
515 1460 584 1543 ue
612 1418 1009 1567 paetereunter.

363 1664 368 1673 ι
472 1608 568 1658 Exstat
586 1606 614 1657 in
627 1608 662 1675 ‚B‚
682 1606 701 1657 C
720 1611 746 1657 et
763 1606 792 1656 in
810 1606 925 1657 editione
946 1606 1055 1680 Geienii.

266 1788 291 1831 c.
311 1770 340 1847 2,
358 1789 389 1851 p.
409 1768 484 1847 224,
498 1790 530 1831 v.
550 1770 608 1832 11:
622 1765 757 1831 Dividit
770 1766 863 1832 Tert.
877 1735 1001 1833 delicta
1012 1766 1049 1854 in
1061 1789 1109 1849 aa,
1123 1789 1209 1855 quae
1222 1765 1353 1853 remitti

175 1896 324 1978 possunt,
340 1889 421 1957 etin
433 1914 500 1956 non
511 1888 722 1957 remittenda.
737 1890 832 1957 (titas
843 1891 986 1978 primam
997 1891 1022 1957 J
1023 1891 1164 1957 ohannis
1177 1890 1353 1979 epistolam

176 2014 221 2097 (5,
242 2017 297 2098 16)
313 2014 366 2079 his
379 2014 511 2081 verbis:
537 2014 599 2080 Sed
612 2029 640 2079 et
651 2016 810 2079 ‹lohannes
833 2015 969 2078 docebit:
991 2013 1043 2097 ,Si
1053 2016 1125 2101 ques
1140 2016 1197 2079 scit
1210 2012 1353 2101 fratrem

176 2162 265 2202 suum
281 2138 468 2223 delinquere·
484 2138 660 2231 delictum
683 2163 744 2203 non
768 2138 811 2201 od
834 2153 971 2219 mortem,
988 2138 1162 2225 postulabit
1179 2153 1207 2202 et
1225 2138 1353 2202 dabitur

176 2264 240 2327 ui'ta
256 2264 302 2345 ei,
325 2262 401 2347 quia
424 2286 486 2325 uon
509 2262 553 2325 ad
576 2277 702 2331 mortem
725 2261 897 2346 delinquit,
923 2262 978 2325 looc
994 2261 1052 2326 erit
1066 2262 1260 2327 remissibile.
1283 2262 1354 2343 ,Est

177 2389 354 2453 delictum
378 2389 422 2452 ad
444 2403 586 2468 mortem5
617 2412 678 2451 non
699 2412 759 2473 pro
781 2388 839 2451 illo
862 2387 943 2470 dico,
967 2403 1001 2452 ut
1021 2389 1092 2473 ques
1112 2388 1267 2474 postulet,
1298 2388 1354 2451 loc

177 2515 236 2577 erit
258 2514 487 2577 inremissibile.
512 2514 564 2579 Ita
587 2514 644 2577 ubi
669 2527 712 2576 est
728 2513 1017 2601 postulationis,
1041 2513 1110 2576 illic
1131 2515 1223 2576 etiam
1245 2513 1352 2606 remis¹

177 2640 274 2703 sionis
281 2664 292 2720 ,·
315 2641 372 2704 ubi
384 2665 437 2704 neo
450 2640 684 2729 postulationis,
709 2640 758 2704 ibi
770 2664 866 2725 aeque
881 2664 935 2703 roeo
950 2640 1152 2706 remissionis.
1178 2638 1352 2704 Secundum

175 2770 257 2833 iano
279 2767 490 2851 differentiam
513 2767 736 2831 delictorum
758 2806 811 2831 —.

237 2914 239 2919 ’
265 2893 321 2958 Im
335 2892 379 2976 B,
404 2900 480 2979 post
505 2892 727 2980 postulationis
743 2892 843 2957 Reiff.
860 2892 1024 2984 Ursinum
1043 2898 1178 2957 secutus
1204 2890 1351 2956 addidit:

176 3018 278 3098 rate'o;
308 3016 481 3101 etsOeh13
513 3018 564 3080 ius
586 3015 693 3089 Hart„
712 3015 784 3103 (IV,
809 3041 841 3103 p.
861 3014 924 3102 17).
952 3054 991 3062 —
1023 3015 1088 3083 sed
1112 3016 1247 3082 minime
1269 3016 1353 3081 mihi

176 3142 352 3231 quicquam
391 3142 527 3208 videtur
572 3141 794 3230 supplendum
833 3164 920 3222 esse,
968 3139 1034 3206 nisi
1072 3146 1182 3207 mente
1219 3147 1353 3206 tantum

177 3267 340 3347 delictum,
380 3286 465 3352 quae
488 3289 554 3331 vox
584 3266 630 3353 in,
651 3265 829 3332 sententiis
856 3264 1132 3332 antecedentibus
1161 3266 1353 3352 saepissime

176 3399 383 3473 occurrerat.
402 3430 446 3439 -
466 3391 523 3456 Ad
535 3397 743 3457 structuram
759 3390 986 3479 postulationis
1000 3391 1146 3455 delictum
1167 3392 1208 3457 cf.
1227 3415 1258 3480 p.
1277 3395 1352 3473 233,

177 3544 208 3585 v.
227 3524 286 3588 29:
312 3520 378 3582 eius
401 3518 509 3581 delicti
529 3518 726 3584 christianus.

258 3792 292 3849 o.
318 3774 349 3847 ὃ,
383 3792 414 3856 p.
442 3771 522 3853 227,
548 3793 579 3833 v.
608 3770 668 3834 21:
703 3767 893 3834 induxerat
927 3773 1046 3835 auctor
1075 3765 1288 3831 homicidium
1320 3775 1355 3832 et

175 3893 411 3972 idololatrian,
429 3914 513 3980 quae
531 3899 623 3958 arcte
641 3916 675 3958 se
692 3915 765 3958 oum
781 3892 928 3958 moechia
945 3893 1120 3961 coniuncta
1137 3917 1207 3960 esse
1224 3894 1352 3960 docent,

176 4020 225 4087 Et
233 4023 339 4087 verbu
348 4020 481 4108 quidem
489 4020 571 4084 haec
580 4024 660 4084 sunt
669 4017 712 4105 (v.
721 4020 756 4102 4)
767 4043 774 4081 :
786 4060 827 4067 —
837 4019 869 4081 si
878 4043 941 4103 qua
950 4018 1123 4105 confuerit,
1133 4020 1352 4084 reclamabunt.

177 4146 263 4210 Tum
286 4146 357 4211 loco
381 4151 519 4211 nostros
544 4143 632 4207 Haec
662 4144 743 4230 ipsi
768 4145 829 4206 rei
857 4143 1040 4227 loquuntur,
1063 4144 1096 4205 si
1114 4168 1164 4206 res
1187 4168 1256 4208 uoce
1279 4144 1354 4229 dryi-

176 4272 280 4335 ciunt:
305 4270 431 4335 adsistit
444 4268 638 4350 idololatres,
663 4269 790 4333 adsistit
808 4268 976 4346 homicida,
1000 4270 1035 4332 in
1055 4268 1157 4331 rnedio
1177 4291 1280 4331 eorum
1297 4268 1354 4330 ud·

175 4394 260 4459 sistit
283 4409 311 4458 et
334 4394 482 4459 moechus.
506 4394 563 4459 lta
585 4393 614 4458 B
639 4399 674 4459 et
697 4393 768 4458 edd.
787 4398 871 4459 vett.
