3267 5209
1328 345 1371 411 39

189 516 290 603 plane
321 536 387 581 non
421 523 501 585 tunc
536 519 666 586 demum
701 519 862 607 comperit
893 519 1004 600 Tert,
1041 541 1114 583 cnm
1144 519 1239 586 illius
1268 520 1372 585 moris

190 639 357 706 rationem
372 639 576 727 requirebat,
593 642 650 709 sed
666 647 755 723 tuno,
773 642 1008 729 cumprimum
1023 641 1200 728 evangelia
1214 642 1371 731 inspexit

192 766 371 834 Genitivus
401 775 513 836 auam
536 772 650 851 Pilati,
680 792 775 859 quem
803 775 988 858 exspectes,
1022 770 1178 859 quoniam
1200 770 1236 836 in
1263 770 1372 837 codice
1457 819 1460 824 «

193 892 353 975 traditur,
380 894 566 962 omnimodo
590 896 775 966 servandus
791 896 868 964 erit.
892 894 1013 983 Itaque
1029 894 1076 963 sio
1096 896 1200 961 verba
1223 896 1373 962 auctoris

198 1016 370 1083 restituam
401 1020 674 1109 corruptelaeque
706 1018 876 1107 explicem.
909 1017 1053 1106 Scripsit
1088 1019 1201 1087 Tora:
1239 1022 1376 1107 cooperi

198 1145 504 1207 comemmorotiooem
530 1144 658 1209 Pilati
677 1168 806 1208 maaca
833 1144 959 1207 ablati
983 1168 1061 1207 cose
1083 1145 1119 1207 in
1142 1144 1265 1207 clomioi
1284 1143 1373 1207 decli·
1425 1154 1432 1222 ᾗ

195 1264 283 1330 libne.
317 1266 405 1331 Tum
437 1264 607 1333 levissimo
639 1288 755 1333 errore
786 1266 914 1335 factum
944 1271 1013 1344 est,
1053 1271 1093 1332 ut
1122 1266 1158 1331 in
1188 1266 1372 1356 archetypo

193 1388 398 1457 scriberetur
424 1392 560 1457 abluisse
583 1414 645 1479 pro
676 1393 779 1457 abluti
799 1417 872 1458 esse.
903 1391 1012 1457 Porro
1035 1392 1142 1459 lector
1168 1391 1373 1459 librariusve

193 1512 329 1599 quidam
357 1513 444 1580 illud
476 1512 563 1603 quod
601 1514 822 1582 interciderat
853 1539 917 1577 esse
943 1513 1113 1602 supplevit
1143 1522 1220 1603 post
1249 1542 1373 1582 ommim

193 1641 408 1719 *remotionem
439 1645 474 1705 et
503 1638 555 1705 ita
586 1646 664 1706 orta
692 1644 743 1707 est
773 1638 836 1705 illa
866 1638 983 1720 lectio,
1015 1660 1114 1727 quam
1147 1640 1179 1704 D
1210 1644 1372 1711 servavit

195 1762 350 1830 Alterius
379 1768 492 1830 autem
523 1762 660 1830 librarii
690 1764 863 1831 cuiusdam
887 1764 1003 1830 oculus
1031 1764 1206 1831 aberrasse
1236 1764 1374 1833 videtur

193 1859 235 1955 aa
260 1908 332 1956 ase
356 1888 399 1953 aa
423 1888 585 1969 acroam·
616 1894 650 1955 a
673 1887 728 1960 saw
745 1888 867 1956 omissa
900 1895 980 1957 sune
1006 1891 1109 1955 verca
1137 1891 1242 1955 alac
1262 1915 1374 1956 mna

194 2013 339 2077 abluam.
383 2052 426 2060 —
457 2011 514 2077 Ad
545 2012 774 2079 accusativum
804 2018 917 2079 autem
948 2012 1044 2079 illum
1081 2034 1218 2080 manus
1249 2016 1374 2080 oblatus

195 2137 237 2203 of.
259 2136 360 2203 Hert.
385 2137 451 2219 ΙΙΙ,
474 2160 507 2223 p.
536 2139 578 2203 14
605 2141 639 2203 et
668 2159 708 2203 ex
735 2136 817 2203 locis
849 2136 919 2203 illie
947 2137 1061 2205 citetis
1088 2136 1243 2223 inprimis
1265 2163 1297 2226 p.
1320 2144 1372 2221 86,

194 2266 306 2333 v.18:
338 2262 477 2351 Oedious
500 2253 542 2308 —ss
567 2262 742 2327 tmwiclctcs
765 2265 891 2329 oculos·

284 2474 310 2518 c.
331 2454 381 2531 17,
411 2473 442 2536 p.
470 2453 542 2529 190,
573 2473 605 2515 v.
624 2452 684 2516 27:
713 2448 879 2514 Habitum
906 2450 1065 2515 humilem
1091 2448 1257 2537 praecipit
1280 2450 1373 2517 Tert.

194 2574 384 2642 orantibus:
417 2573 498 2639 Seno
530 2574 617 2657 [sono
640 2574 688 2657 Ι),
721 2598 831 2637 socos
865 2572 900 2638 A
923 2574 966 2659 B]
999 2575 1090 2638 etiam
1121 2576 1203 2638 vocis
1224 2575 1374 2639 subiectos

194 2700 359 2785 [subiectos
382 2724 445 2761 esse
468 2696 512 2783 B]
535 2712 662 2787 oportet.

285 2827 339 2893 Ex
360 2826 394 2891 A
417 2825 660 2892 restituendum
677 2850 746 2893 esse
762 2826 844 2892 mihi
860 2826 1015 2893 videtur:
1040 2828 1135 2894 Seno
1157 2832 1264 2912 <oo>s
1280 2829 1373 2892 caum

199 2953 285 3041 cocio¹
302 2952 451 3016 subiectos
467 2966 593 3039 oportet,
618 2974 691 3017 eum
706 2950 923 3018 Ambrosieni
938 2951 1103 3019 librarius
1118 2959 1194 3041 post
1209 2951 1375 3041 syllabam

197 3102 235 3141 no
259 3084 366 3144 totam
390 3077 542 3143 voculam
567 3102 622 3141 ooo
646 3077 805 3145 omiserit.
843 3078 894 3145 Cf.
912 3078 947 3143 in
969 3077 1142 3165 prioribus
1165 3080 1273 3146 locum
1297 3101 1375 3167 quo·

196 3223 259 3287 que
281 3202 389 3267 hunc:
412 3222 514 3289 prece
538 3218 566 3268 et
589 3204 688 3270 valta
711 3202 897 3267 humiliatas
913 3217 1004 3289 cique
1019 3204 1162 3269 deiectas.
1186 3203 1279 3269 Illud
1295 3227 1376 3271 vero

196 3351 277 3408 erse,
301 3331 341 3391 ut
364 3348 468 3413 neque
492 3326 527 3392 in
550 3326 649 3393 libris
672 3327 838 3394 traditum
861 3350 966 3416 neque
988 3328 1211 3394 necessarium
1236 3335 1300 3410 est,
1326 3328 1377 3395 ita

195 3449 282 3515 nihil
306 3472 376 3517 esse
399 3450 465 3517 nisi
489 3452 643 3538 Gangnei
667 3452 959 3540 interpolationem
982 3452 1017 3517 in
1040 3454 1222 3540 propatulo
1245 3460 1305 3521 est.

288 3662 314 3703 o.
334 3641 384 3719 18,
410 3660 442 3723 p.
461 3640 522 3705 191
548 3660 580 3703 v,
603 3642 658 3706 14:
685 3640 870 3706 Tractatur
893 3637 1053 3726 quaestio,
1078 3662 1122 3705 an
1138 3640 1239 3706 etiam
1259 3640 1376 3707 diebus

195 3764 313 3833 ieiunii
353 3763 500 3829 osculum
539 3764 631 3850 pacis
670 3765 838 3833 fratribus
873 3766 1108 3833 conferendum
1138 3766 1201 3834 sit:
1243 3766 1377 3843 Quando

198 3906 299 3955 orclem
334 3890 435 3975 necyia
468 3888 658 3975 eonferenda
692 3913 759 3953 caui
785 3888 951 3973 fretalem
982 3913 1055 3976 'pam
1089 3904 1147 3970 est,
1186 3890 1266 3952 uisi
1299 3914 1377 3953 cam

197 4013 432 4101 operationis
445 4039 546 4078 ..cam
569 4014 693 4078 oratio
717 4012 780 4097 [ita
803 4014 852 4096 Ι),
886 4014 966 4076 cici
985 4038 1062 4115 caui
1085 4014 1256 4077 oratione
1278 4013 1312 4079 A
1327 4014 1376 4095 Β,

196 4139 263 4201 nisi
288 4162 356 4202 cam
388 4139 487 4202 oratio
518 4137 670 4223 Rigalt.;
702 4137 768 4201 cici
796 4160 865 4201 cem
896 4138 1085 4224 operation-ir
1115 4150 1249 4224 tenpore
1276 4138 1380 4201 oratio

198 4260 310 4345 Oehl.;
335 4263 400 4325 mai
420 4287 487 4325 cam
518 4263 682 4349 operantis
701 4260 801 4325 oratio
832 4258 950 4345 Reiff.;
983 4261 1050 4325 aaz·
1070 4285 1138 4326 cum
1170 4262 1380 4349 operoli<ooc

197 4387 380 4470 orati>onis,
404 4408 473 4450 oum
496 4386 596 4451 oratio
619 4385 735 4471 Hert]
758 4385 1032 4451 commendabilior
1056 4386 1219 4450 ascendii?
