3267 5209
212 360 321 447 ¹aa

276 532 375 620 plane
408 532 502 599 nullo
533 533 628 599 modo
660 530 879 615 conveniant,
912 530 983 600 viri
1010 535 1100 601 docti
1123 535 1257 603 Gelenii
1280 534 1456 601 lectionem

276 656 492 745 recipiebant,
518 680 585 746 qua
608 657 722 723 confisi
746 660 888 725 verbum
907 658 1130 726 dedamnandi
1153 659 1239 727 idem
1262 660 1337 725 fere
1352 658 1456 745 signi·

276 785 378 849 ficare
410 783 593 851 credebant
624 790 725 871 atque
772 786 957 852 absolvere.
995 785 1124 853 Verum
1153 787 1215 853 hoo
1245 789 1386 854 verbum
1421 785 1456 850 in

278 908 366 975 omni
406 907 579 976 latinitate
618 908 703 975 alias
749 931 914 995 nusquam
958 910 1142 977 invenitur.
1195 911 1302 977 Plane
1344 917 1457 977 autem

278 1032 439 1099 Gelenius
455 1032 564 1101 nonis
580 1040 665 1113 erat,
691 1057 787 1122 quem
811 1031 907 1113 ἅπαξ
918 1033 1083 1120 λεγόμενα,
1100 1059 1186 1126 quae
1211 1037 1364 1117 dicimus
1389 1058 1457 1101 ser-

276 1178 373 1223 vasse
396 1154 602 1223 verisimile
626 1162 723 1222 esset.
756 1154 914 1237 Accedit,
948 1155 1050 1243 quod,
1084 1156 1114 1222 si
1137 1157 1218 1244 quid
1241 1158 1373 1224 omnino
1401 1158 1455 1239 sit,

277 1280 469 1346 dedomucre
498 1281 611 1369 potius
641 1304 781 1369 prorsus
812 1281 868 1347 vel
898 1280 935 1347 in
958 1281 1136 1348 interitum
1164 1283 1325 1349 damnare
1354 1284 1457 1370 sigui-

278 1407 379 1473 ficare
404 1414 585 1495 exspectes,
611 1406 773 1494 siquidem
797 1406 966 1493 denegare
989 1406 1077 1473 idem
1099 1431 1167 1474 non
1185 1409 1231 1476 sit
1247 1414 1350 1498 atque
1365 1408 1458 1476 affir-

278 1552 379 1611 mare,
420 1552 528 1620 neque
565 1530 720 1597 devitare
754 1530 843 1597 idem
877 1536 978 1618 atque
1010 1531 1132 1597 visere.
1167 1533 1332 1621 Denique,
1371 1535 1458 1600 etsi

279 1662 392 1722 cetera
416 1656 583 1737 concedas,
616 1676 701 1743 quae
725 1655 799 1723 Gel.
825 1632 966 1742 praebet
989 1656 1127 1743 integra
1149 1657 1249 1745 plane
1277 1682 1343 1726 non
1367 1670 1456 1728 sunt.

280 1780 410 1868 Opponi
444 1780 531 1845 enim
565 1780 625 1845 vix
647 1786 787 1868 possunt
815 1779 944 1847 medea
966 1780 1126 1845 dedemris
1148 1788 1183 1848 et
1209 1784 1336 1848 sceleris
1358 1789 1459 1849 manc-

270 1904 431 1991 feetum.
455 1905 576 1993 ltaque
592 1908 627 1971 et
642 1904 731 1971 hunc
745 1904 854 1971 locum
871 1905 929 1991 qui
945 1926 1063 1973 sanare
1086 1906 1172 1988 vult,
1199 1908 1229 1973 ei
1253 1908 1458 1994 aGangneio

281 2029 524 2097 exordiendum
548 2028 624 2096 erit.

368 2159 417 2225 Et
430 2157 576 2246 primum
593 2156 725 2247 quidem
740 2159 832 2225 haud
848 2158 985 2224 dubium
997 2156 1079 2223 mihi
1098 2180 1171 2225 esse
1187 2158 1325 2225 videtur
1337 2160 1455 2246 opponi

280 2285 334 2350 hic
358 2283 488 2349 occulte
516 2283 678 2347 dedecoris
703 2290 737 2351 et
759 2284 887 2348 seelera
908 2282 1100 2367 mandate.
1127 2281 1225 2363 Quod
1249 2283 1279 2347 si
1304 2283 1416 2351 demas
1439 2306 1460 2349 a

281 2410 503 2497 Gangneiana
524 2406 668 2475 lectione
690 2406 926 2494 mcnffeetacdo
949 2407 1165 2489 damnaverat,
1181 2430 1280 2495 quam
1297 2408 1331 2473 in
1348 2410 1459 2477 codice

281 2534 441 2622 scriptam
464 2536 570 2603 fuisse
590 2536 666 2602 veri
689 2533 795 2602 simile
823 2541 875 2601 est
905 2532 1301 2620 manp‘estododduaverct,
1326 2542 1460 2603 restant

279 2658 417 2729 litterae
448 2661 674 2729 doddcoverat.
708 2661 886 2729 Sententia
908 2668 1035 2742 autem,
1074 2667 1114 2726 ut
1137 2656 1222 2741 dixi,
1248 2682 1318 2727 esse
1342 2661 1458 2730 debet:

280 2786 465 2855 dimiserat.
508 2785 639 2868 Quibus
678 2786 860 2874 disputatis
901 2786 930 2852 si
970 2785 1215 2873 recogitaveris
1255 2786 1459 2852 remissionis

280 2912 462 2981 terminum
481 2911 694 2979 Tertulliano
710 2911 903 2979 sollemnem
935 2934 1006 2978 esse
1029 2912 1158 2993 donare,
1182 2911 1249 2978 iam
1265 2910 1456 2998 perspicies,

281 3039 441 3129 quomodo
476 3040 596 3107 menda
622 3037 841 3128 inrepserint.
872 3038 957 3106 Fuit
984 3038 1021 3104 in
1051 3038 1237 3125 archetypo
1274 3037 1460 3123 mecp‘esm·

281 3166 463 3245 donaverat,
501 3188 543 3232 ex
565 3188 630 3253 quo
653 3164 782 3233 iterata
804 3165 939 3253 syllaba
980 3164 1021 3229 do
1042 3164 1171 3231 factum
1195 3171 1246 3231 est
1275 3163 1460 3250 madefece-

281 3288 504 3372 dodocooerat,
541 3297 576 3357 et
598 3288 745 3377 parvula
767 3290 944 3357 accedente
967 3289 1163 3377 corruptela
1189 3286 1461 3374 monffestadodc-

281 3432 421 3482 noceat.
454 3414 549 3499 Quae
573 3416 769 3504 Gangneius
793 3416 926 3503 quidem
949 3413 1006 3482 vel
1027 3412 1206 3496 librarius
1232 3413 1292 3504 qui
1316 3414 1459 3482 codicem

282 3539 354 3606 eius
378 3538 547 3616 exaravit,
573 3537 620 3604 sio
648 3536 881 3619 distinguendo
909 3538 1135 3626 mutandoque
1163 3536 1365 3623 intellegere
1394 3535 1460 3601 sibi

283 3662 376 3730 visus
393 3670 461 3731 est:
478 3660 690 3747 maccfidcdc
705 3661 899 3739 donaveram
915 3662 989 3729 Gel.
1006 3668 1118 3728 autem
1128 3660 1176 3727 sio
1188 3660 1346 3727 distinxit
1357 3666 1459 3746 atque

282 3786 430 3854 mutavit
452 3808 514 3873 pro
537 3784 673 3871 ingenio
696 3783 890 3851 audaciore:
915 3782 1086 3870 manffmtd
1108 3782 1332 3846 desiccaverat.
1370 3782 1457 3849 Scri-

281 3911 424 3979 bendum
438 3907 549 3995 igitur
573 3913 632 3989 est,
651 3908 687 3972 ni
702 3907 824 3973 fallor:
848 3905 1056 3991 manifesta
1073 3906 1276 3969 donaverit
1303 3907 1461 3973 verbum·

283 4058 347 4125 que
370 4032 592 4101 dedamnandi
616 4031 746 4098 omnino
770 4030 1004 4099 damnandum.

372 4310 397 4351 c.
419 4286 468 4366 16,
486 4306 523 4372 p„
535 4284 611 4362 245,
629 4302 660 4349 v.
678 4284 732 4349 20.
757 4277 858 4363 Λέγω
875 4275 911 4342 δὲ
926 4281 999 4353 ταῖς
1015 4275 1156 4361 ἀγάμοις
1172 4274 1229 4341 καὶ
1245 4279 1320 4352 ταῖς
1335 4274 1461 4363 χήραις,

283 4410 384 4476 καλὸν
406 4406 519 4482 αὐτοῖς
546 4406 603 4471 ἐὰν
623 4403 778 4488 μείνωσιν
802 4404 848 4479 ὡς
875 4400 981 4487 κάγώ·
1000 4399 1031 4467 εἷ
1051 4399 1088 4466 δὲ
1108 4400 1167 4467 οὐκ
1193 4398 1462 4486 ἐγκρατεύονται,
