3267 5209
253 330 296 393 56

341 503 452 585 Quae,
479 526 679 593 quamquam
701 503 833 592 inepta,
870 511 1019 570 tamena
1042 525 1125 571 vcro
1149 526 1215 569 non
1235 502 1353 592 procul
1377 503 1432 567 ab·

253 634 342 694 sunt.
360 626 513 693 Primum
530 629 616 693 enim
636 627 824 695 certissima
844 628 1075 695 emendatione
1096 628 1273 717 proposuit
1287 628 1430 711 Kroym.

254 754 298 841 (p.
317 751 372 833 91)
401 755 548 839 propria
579 775 641 839 prc
658 755 814 840 proprie.
848 752 987 840 Itopria
1018 758 1132 820 autem
1157 753 1364 841 apostohrram
1386 752 1432 813 in-

253 892 422 942 strumenta
445 876 501 942 hic
524 882 603 943 sunt
627 877 830 965 apostolicae
860 876 1039 965 epistolae,
1072 900 1146 943 cum
1169 900 1233 966 pro
1253 875 1433 965 scripturis

253 1024 319 1067 vox
331 1002 533 1065 instrumenta
546 1001 737 1089 saepissime
746 1007 943 1089 usurpetur.
958 1001 1024 1069 Sed
1037 1009 1073 1068 et
1083 1025 1146 1091 pro
1157 1001 1304 1090 singulis
1317 1024 1432 1067 earum

252 1126 417 1213 partibus
450 1127 490 1192 E.
512 1150 564 1213 gr.
583 1125 619 1191 in
642 1150 668 1193 c.
692 1131 734 1195 33
763 1127 804 1193 de
834 1149 963 1194 resurr.
988 1149 1078 1193 carn.
1104 1127 1213 1212 (Ochi.
1234 1128 1282 1207 H,
1306 1150 1338 1217 p.
1354 1128 1434 1208 508)

253 1250 390 1338 scripsit
409 1250 521 1317 Tert:
548 1252 761 1339 propheticum
789 1253 1044 1334 instrumentum,
1075 1253 1119 1320 ib.
1146 1276 1174 1318 c.
1194 1256 1237 1321 38
1269 1253 1314 1341 (p
1337 1252 1432 1337 alm:

251 1377 487 1440 instrumentum
507 1376 669 1457 Iohannis,
695 1382 729 1442 et
749 1376 795 1442 ih.
813 1400 840 1442 c.
858 1381 901 1445 39
918 1378 965 1465 (p.
984 1379 1064 1462 516)
1081 1378 1195 1443 eadem
1211 1379 1285 1444 fere
1308 1380 1432 1444 verba:

255 1500 427 1587 apostoliea
440 1501 653 1565 instrumenta.
668 1502 756 1567 Item
767 1501 830 1566 hcc
841 1501 913 1589 ipsc
929 1501 1018 1568 libro
1035 1525 1067 1590 p.
1081 1506 1156 1583 241,
1170 1526 1202 1569 v.
1220 1506 1273 1571 20.
1286 1541 1331 1549 -
1344 1502 1434 1588 Quid

253 1644 336 1690 vero
366 1624 427 1689 hoc
454 1624 525 1691 loce
558 1624 786 1692 determinant
815 1625 1060 1708 instrumenta,
1093 1626 1160 1692 nisi
1195 1625 1435 1714 disciplinam?

256 1748 311 1813 Sic
349 1748 460 1836 igitur
495 1749 708 1816 scribendum
737 1749 813 1818 erit.
848 1789 889 1797 —
919 1751 1109 1818 Remanent
1148 1752 1289 1818 obscura
1327 1753 1435 1817 verba

252 1874 314 1941 illa
337 1876 528 1939 summitatem
552 1890 579 1939 et
612 1875 723 1960 ubique
748 1875 788 1939 de
818 1876 945 1940 eeclesia
968 1876 1189 1941 eradicantem.
1218 1876 1266 1943 Et
1289 1876 1435 1964 primum

256 1999 390 2087 quidem
425 2000 646 2081 eradicantem,
680 2000 767 2087 quod
797 2001 964 2068 traditum
996 2007 1063 2082 est,
1092 2001 1268 2067 referatur
1300 2022 1434 2067 neccsse

255 2130 307 2189 est
329 2123 372 2190 ad
403 2124 623 2212 disciplinam,
658 2126 745 2212 quod
768 2124 917 2192 restitui.
946 2127 1067 2214 Itaque
1098 2148 1212 2192 vocem
1242 2127 1433 2189 sanctitatae

255 2270 369 2314 sanam
392 2272 458 2316 ncn
476 2272 546 2315 esse
571 2250 699 2338 liquet,
723 2273 797 2317 cum
818 2250 981 2317 sanctitas
1001 2250 1244 2339 impudicitiam
1261 2251 1435 2316 eradicans

255 2373 321 2439 dici
337 2380 491 2462 nequeat.
510 2374 627 2461 Neque
644 2396 726 2441 vero
742 2376 964 2463 Kroymanno
981 2375 1162 2456 adsentior,
1181 2375 1239 2463 qui
1254 2376 1345 2441 tueri
1357 2376 1436 2441 vult

254 2500 429 2562 sanctitatis
442 2501 541 2563 omnis
557 2524 633 2586 erpa
649 2500 796 2587 tempium
812 2500 868 2563 dei
880 2502 1130 2574 sanctitatem,
1156 2522 1242 2587 quac
1258 2502 1434 2566 vertebat:

255 2623 308 2689 dic
332 2623 661 2690 Unverletzlichkeit
685 2622 784 2709 jeder
806 2623 877 2691 Art
904 2647 971 2691 von
994 2624 1205 2691 Keuschheit
1237 2646 1348 2710 gegen
1372 2624 1436 2689 den

256 2747 394 2835 Tempe]
426 2747 557 2815 Gottes.
590 2748 707 2836 Neque
733 2748 821 2815 enim
844 2749 1007 2815 sanctitas
1037 2748 1074 2814 id
1100 2750 1263 2835 estquod
1286 2748 1436 2814 Keusch-

255 2870 327 2937 heit
346 2899 382 2930 z
402 2872 581 2960 pudicitia;
607 2874 807 2940 sanctitas
831 2874 918 2940 enim
943 2896 1041 2960 erga
1064 2896 1208 2961 carpus
1232 2874 1433 2961 dicipotest‚

255 2996 456 3084 pudicitia
475 3019 573 3084 erga
590 3021 734 3085 corpus
745 3021 811 3065 non
824 2997 923 3083 item;
938 2999 1025 3065 sicut
1038 2998 1274 3065 Germanicum
1291 3019 1434 3086 queque:

256 3121 310 3187 die
334 3122 543 3189 Kcuschheit
570 3146 680 3210 gegen
711 3124 776 3189 den
806 3123 891 3189 Leib
915 3123 1001 3188 nihil
1022 3129 1083 3190 est.
1108 3124 1230 3211 Itaque
1254 3123 1334 3211 quia
1356 3144 1436 3188 sane

254 3246 487 3334 intellegitur,
514 3248 594 3335 quid
624 3248 669 3315 sit
701 3254 816 3313 sancta
847 3247 1021 3333 pudicitia,
1046 3270 1112 3314 non
1136 3247 1210 3313 ideo
1234 3246 1269 3312 id
1293 3269 1434 3335 quoque,

255 3370 336 3458 quid
358 3372 404 3440 sit
426 3378 542 3438 sancta
566 3372 736 3439 sanctitas

347 3497 430 3563 Cum
454 3497 566 3583 igitur
590 3496 724 3563 servari
747 3474 916 3583 nequiant
940 3518 1025 3586 quae
1041 3497 1171 3563 tradita
1191 3503 1281 3575 sunt,
1299 3497 1437 3563 minima

256 3621 324 3687 erit
335 3621 489 3703 mutatio,
507 3620 536 3686 si
549 3623 653 3687 verbo
666 3622 859 3685 serenitatem
874 3628 915 3689 ut
931 3644 972 3688 ex
989 3621 1223 3709 dittographia
1236 3627 1311 3687 orto
1328 3621 1436 3687 delete

257 3752 371 3813 cetera
401 3744 583 3811 tuebimur.
621 3746 742 3833 Itaque
779 3746 866 3813 hanc
900 3746 1077 3813 lectionem
1114 3745 1324 3832 potissimum
1355 3768 1438 3811 com-

256 3870 501 3937 mendaverim:
516 3871 749 3958 Disciplinam
761 3872 859 3958 spitui·
871 3872 1082 3959 apostolarum
1091 3874 1240 3957 propria
1255 3870 1378 3955 quedem
1390 3870 1437 3932 in-

257 4007 429 4058 strumenta
448 3996 654 4059 determinant
667 3996 889 4083 principaliter
899 3996 1075 4059 scammatis
1089 3996 1188 4059 einais
1204 4019 1280 4081 erpa
1292 3994 1438 4081 templum

257 4120 311 4183 dei
320 4120 466 4204 etabique
478 4119 653 4183 deecclesia
664 4119 874 4184 eradicantem
883 4120 1438 4207 omnesacriiepiumpudicitiaesiue

257 4242 324 4306 1111
347 4245 549 4309 restitutionis
571 4245 731 4309 11111111.
759 4245 884 4311 Verte:
909 4244 974 4309 Die
990 4244 1099 4309 Zucht
1115 4244 1176 4309 der
1191 4243 1333 4332 Apostel
1350 4243 1439 4310 wird

258 4367 327 4432 also
351 4367 457 4433 durch
489 4368 564 4435 ihre
588 4370 729 4455 eigenen
762 4368 935 4436 Schriften
967 4369 1174 4455 festgestellt
1205 4368 1438 4435 vernehmlich
