3267 5209
1383 369 1408 438 3

224 549 435 617 crediderim.
460 547 612 630 Quorum
629 558 682 616 'ex-
700 551 838 615 numero
855 542 1405 631 11111111111111111111111111111,Ι

225 698 309 763 quos
323 675 395 764 ipse
410 675 482 742 sive
499 676 692 742 coniectura
713 674 844 743 leniore
868 697 1002 743 sanasse
1026 676 1099 741 sive
1122 674 1405 763 interpretatione

226 800 371 869 iustiore
395 800 578 888 explicasse
596 798 680 867 mihi
695 800 794 866 visus·
805 823 887 869 sum.
902 802 1043 868 -Item
1058 798 1187 867 librum
1201 800 1273 868 viri
1288 795 1407 867 doctis·

228 926 305 993 simi
335 949 412 993 van
442 926 513 994 der
541 926 656 994 Vliet
685 927 809 1015 (Lugd.
836 927 913 993 Bat.
940 929 1051 1010 1891),
1074 927 1147 994 -cui
1188 926 1410 994 inscribitur:

229 1050 352 1119 Studia
372 1050 614 1134 ecclesiastice,
630 1074 717 1140 pars.
725 1052 823 1140 prior
837 1074 913 1119 sero
934 1051 1099 1140 inspicere
1122 1074 1226 1140 eoque
1249 1051 1302 1119 uti
1324 1050 1409 1117 1111111

229 1174 337 1242 licuit.
363 1176 584 1264 —Denique
609 1199 650 1243 ex
673 1176 782 1243 enimc
806 1175 939 1261 gratias
961 1198 1025 1263 ego
1038 1176 1288 1245 Stowassero
1312 1187 1407 1266 prae·

229 1299 359 1387 ceptori
394 1300 617 1383 dilectissimo,
654 1302 712 1390 qui
742 1301 988 1388 benignissime,
1025 1304 1124 1367 immo
1152 1302 1351 1369 amicissime
1373 1302 1409 1367 111

229 1422 381 1513 plagulis
398 1425 608 1512 corrigendis
635 1449 687 1493 me
703 1426 877 1493 adiuverit
900 1425 1030 1513 aliquot
1054 1427 1193 1516 insuper
1209 1426 1415 1495 coniecturis

231 1548 341 1637 iisque
365 1551 590 1637 sagacissimis
612 1552 740 1618 mecum
763 1550 1023 1618 communicatis

324 1672 389 1739 Sed
418 1674 501 1741 haec
531 1676 702 1741 hactenus.
739 1674 916 1763 Superest.
948 1682 988 1744 ut
1023 1676 1219 1743 brevissime
1249 1683 1411 1764 repetam,

231 1798 417 1887 quodiam
447 1799 600 1867 omnibus
629 1804 746 1865 notum
777 1805 845 1879 cst,
877 1799 936 1887 qui
967 1799 1175 1866 Tertulliani
1206 1801 1343 1889 scriptis
1365 1804 1414 1869 in-

232 1928 436 1993 cubuerunt.
467 1924 654 1991 Dicendum
686 1924 772 1990 enim
803 1924 887 1990 mihi
917 1930 969 1991 est
1000 1925 1040 1991 de
1074 1925 1257 2009 codicibus,
1290 1928 1348 2014 qui
1377 1928 1413 1993 in

235 2050 356 2118 horum
367 2050 535 2118 librorum
544 2056 642 2117 textu
650 2051 1004 2118 recensendoinusum
1016 2052 1164 2119 venient.
1176 2052 1264 2119 Sunt
1275 2052 1415 2119 autemii
1462 2100 1472 2164 -k

232 2176 391 2264 quinque,
418 2198 460 2241 ex
483 2175 604 2262 quibus
627 2180 699 2241 tres
726 2174 824 2241 hodie
848 2176 1031 2263 deperiere.

326 2299 442 2387 Atque
473 2298 620 2387 primurn
636 2297 781 2385 ,quidem
804 2298 951 2364 omnium
980 2299 1081 2386 longe
1105 2300 1250 2388 optimus
1273 2300 1417 2369 Ambro-

236 2425 352 2492 sianus
372 2432 423 2493 est
447 2426 537 2494 (3158
562 2425 633 2509 (D).
666 2424 733 2505 Qui
761 2431 875 2492 temen
896 2423 984 2489 nihil
1007 2424 1155 2491 continet
1178 2424 1245 2490 nisi
1268 2424 1351 2491 libri
1373 2417 1415 2490 de

236 2551 390 2620 oratione
414 2574 507 2640 capp.
525 2554 645 2619 9-29,

327 2677 507 2743 Proximus
515 2699 596 2743 vero
609 2676 719 2765 pretio
732 2676 763 2741 ei
775 2676 904 2743 accedit
911 2674 1088 2742 Parisinus
1097 2675 1243 2742 Latinus
1253 2678 1348 2757 1622,
1360 2675 1418 2761 qui

238 2804 343 2890 vulgo
360 2801 487 2869 dicitur
502 2801 745 2889 Agoberdinus
762 2801 830 2884 (A),
856 2800 892 2865 in
909 2822 973 2886 quo
995 2822 1036 2865 111
1051 2799 1099 2865 eis
1114 2799 1221 2881 libris,
1240 2800 1419 2886 dequibus

238 2928 293 2995 hic
308 2928 519 3007 disseremus,
537 2926 646 2993 adhuc
662 2931 845 3013 supersunt
860 2924 911 2990 hi:
937 2925 983 2987 ad
998 2926 1138 2988 11110111
1152 2922 1226 3003 duo,
1250 2925 1418 3011 scorpiaco,

236 3053 279 3117 de
301 3054 472 3117 1111110110
504 3054 638 3134 catinae,
663 3051 703 3115 de
725 3050 928 3138 spectaculis,
953 3050 992 3112 de
1014 3050 1214 3130 idololatria,
1238 3050 1279 3112 de
1302 3050 1418 3130 111111,

238 3178 453 3243 decretione.
490 3176 642 3257 Quorum
673 3175 709 3241 in
739 3175 907 3242 librorum
934 3180 1033 3241 textu
1061 3175 1292 3241 constituendo
1320 3176 1421 3263 plene

240 3306 295 3372 hic
318 3305 421 3371 codex
452 3303 633 3369 maximum
664 3302 850 3369 subsidium
881 3307 941 3367 est.
971 3299 1019 3364 Et
1042 3305 1215 3365 vetustate
1245 3300 1334 3365 enim
1356 3299 1422 3385 (IX

241 3430 339 3513 saec.)
372 3434 407 3494 et
431 3427 550 3516 stirpis
572 3427 782 3516 proprietate
806 3432 937 3493 ceteros
960 3426 1059 3511 longe
1087 3446 1250 3510 superare
1274 3424 1420 3491 videtur.

244 3552 425 3620 Librarius
449 3557 571 3633 autem,
596 3556 636 3617 ut
650 3551 920 3619 Maximilieni
936 3550 1197 3618 Klussmanni
1212 3550 1327 3617 verbis
1343 3555 1425 3616 uter

242 3678 431 3762 (Cunarum
448 3676 759 3743 Tertullianeerum
782 3678 971 3765 particulae
995 3679 1014 3743 Ι
1037 3683 1071 3744 11
1093 3677 1140 3758 H,
1165 3701 1197 3764 p.
1218 3678 1289 3761 18):
1319 3676 1424 3761 ,mira

241 3805 388 3893 quedam
405 3809 440 3870 et
454 3803 579 3869 misera
594 3802 783 3869 constantie
800 3803 955 3869 dimidies
972 3809 1033 3869 aut
1047 3803 1227 3868 universas
1239 3802 1425 3869 sententias

242 3930 403 4001 omittere
426 3930 521 4011 solet,
548 3929 608 3995 ubi
631 3950 651 3993 a
668 3929 835 3995 similibus
858 3935 919 3995 aut
934 3927 1075 4016 syllabis
1090 3934 1151 3993 aut
1167 3927 1339 3993 vocabulis
1354 3928 1428 3992 eius

243 4059 362 4126 oculus
379 4058 584 4125 aberravit.“
613 4055 719 4123 Cuius
743 4052 870 4119 erroris
886 4050 1035 4137 vestigia
1049 4050 1243 4137 planissime
1259 4058 1426 4137 apparent

244 4187 282 4252 in
306 4192 470 4273 quattuor
500 4184 570 4249 illis
593 4181 684 4248 foliis
711 4181 928 4265 (les-171),
957 4199 1043 4265 quae
1071 4199 1145 4242 cum
1176 4176 1208 4241 D
1233 4199 1429 4265 comparare

244 4310 343 4379 nobis
372 4309 461 4375 licet.
484 4307 616 4390 Quibus
639 4308 740 4372 rebus
764 4304 807 4370 ed
838 4301 1090 4390 depravandum
1118 4301 1262 4367 codicem
1289 4303 1429 4368 accessit

247 4435 302 4503 vis
325 4434 496 4523 temporis,
522 4455 607 4522 quae
630 4430 818 4497 miserrime
843 4452 918 4495 eum
939 4428 1113 4508 tractavit,
1140 4433 1180 4492 ut
1203 4426 1285 4493 libri
1300 4429 1365 4493 duo
1387 4429 1429 4493 ad

1289 4556 1302 4607 1
1310 4560 1325 4591 t
