3267 5209
1327 388 1371 451 48

190 574 229 633 ut
244 565 584 657 interpretamentum
602 568 645 634 ad
664 569 771 634 verba
786 566 848 633 illa
871 567 1035 655 superstite
1057 566 1192 646 humore,
1217 562 1370 649 dativum
1408 643 1411 649 Ι

190 690 318 779 accipie
336 720 373 751 --
392 694 427 759 in
452 694 569 760 limum
585 692 639 781 (cfr
656 716 689 781 p.
706 696 781 775 360,
795 715 828 757 v.
848 695 909 759 16:
932 692 991 757 dee
1013 704 1162 779 temperat
1184 689 1274 754 illam
1298 690 1372 753 alle-

187 817 334 905 yorian);
364 817 505 906 ideoque
536 818 584 884 sic
607 816 773 885 verterim
799 817 926 883 locum:
957 816 1011 884 die
1034 816 1128 884 Erde
1151 856 1213 900 -,
1244 816 1371 883 welche

191 942 311 1019 die-
335 942 586 1028 abgeflossenen
594 924 735 1011 stser
758 942 868 1008 durch
882 941 937 1008 die
954 939 1038 1030 (scil.
1056 965 1122 1009 vcu
1137 939 1253 1028 ihuen)
1269 940 1372 1027 iibrig

194 1066 365 1133 bleibende
381 1066 625 1153 Feuehtiglreit
647 1085 690 1132 zu
714 1066 882 1133 Sehlemm
905 1067 1069 1135 erweicht
1091 1068 1220 1134 hatten.
1245 1066 1372 1130 Menum

195 1191 276 1257 enim
301 1190 394 1257 Tere
419 1212 517 1279 saepe
540 1188 692 1278 appellat
714 1196 861 1272 terram,
893 1188 935 1257 de
957 1215 1024 1278 que
1046 1214 1167 1279 cerpus
1190 1191 1371 1257 humanum

186 1317 356 1401 figulatum
373 1322 433 1383 est.
460 1314 511 1383 Cf,
536 1316 587 1383 De
602 1334 694 1382 earn.
708 1314 834 1382 Christ.
846 1339 872 1381 e.
890 1314 1157 1400 8-9(Ochl.11,
1174 1340 1206 1404 p.
1223 1317 1313 1399 443).
1328 1354 1372 1362 —

191 1439 262 1506 Cur
277 1446 392 1507 autem
405 1440 509 1505 leubili
530 1438 708 1506 delendum
732 1439 786 1519 sit,
812 1462 953 1528 prorsus
968 1441 1087 1507 nescio.
1113 1441 1233 1529 Neque
1248 1438 1369 1506 melius

190 1564 355 1652 intellego
386 1563 602 1651 Krcymanni
637 1570 842 1651 argumenta
872 1565 915 1630 ad
946 1565 1033 1632 hane
1064 1588 1136 1632 rem
1167 1562 1372 1655 fulciendam

188 1688 334 1777 prolate.
360 1689 468 1771 Quam
492 1690 532 1756 ob
557 1711 629 1755 rem
652 1688 801 1756 sufficiat
824 1688 909 1755 mihi
938 1689 1045 1778 ipsius
1068 1688 1217 1757 auctoris
1240 1694 1370 1757 senten-

189 1814 273 1879 tiam
295 1814 538 1903 interpretari:
569 1813 742 1880 contendit
765 1835 853 1901 equa
875 1814 1125 1882 interveniente
1163 1814 1328 1881 hominem
1352 1838 1372 1881 a

189 1938 249 2005 dec
273 1940 448 2005 confictum
472 1960 553 2004 esse.
583 1938 656 2004 Hoc
680 1943 918 2025 argumentum
942 1940 1073 2006 adfert:
1097 1940 1164 2006 nisi
1179 1939 1322 2029 terra(i.
1342 1964 1370 2008 e.

189 2064 293 2146 limus,
319 2086 445 2151 exque
469 2061 614 2128 heminis
631 2084 752 2149 cerpus
772 2062 948 2129 confictum
972 2061 1037 2153 est)
1059 2064 1216 2131 humecta
1238 2064 1368 2147 fuisset,

189 2210 296 2275 neque
312 2186 437 2253 habilis
453 2186 576 2253 fuisset
592 2184 634 2250 ed
658 2184 801 2251 hominis
825 2208 947 2274 cerpus
960 2187 1188 2272 formandum3
1215 2188 1371 2254 humecta

189 2320 302 2380 autem
326 2336 390 2378 nen
414 2310 553 2395 fuisset,
584 2312 650 2377 nisi
675 2334 780 2400 aquae
803 2312 840 2381 in
862 2312 980 2378 limum
1012 2335 1084 2379 eam
1114 2318 1370 2401 temperassent.

280 2588 305 2631 e.
324 2568 353 2645 5,
371 2587 404 2651 p.
422 2566 497 2644 206,
515 2587 547 2629 v.
567 2568 603 2630 3:
628 2562 764 2630 Piscina
787 2564 974 2631 Bethsaida
996 2564 1143 2651 figurari
1167 2563 1370 2652 baptismum

190 2689 267 2755 vult
292 2689 385 2755 Tert.
411 2688 446 2751 F
446 2688 558 2775 iyuru
580 2690 642 2751 istu
666 2688 730 2773 [ita
745 2689 792 2775 B;
810 2686 954 2777 fiquram
976 2690 1038 2754 ieta
1058 2689 1175 2774 Reiff]
1198 2690 1371 2754 medicinae

190 2816 364 2902 corporalis
386 2813 562 2901 spiritalem
584 2813 771 2879 medicinam
794 2815 932 2881 canebat.

279 2938 378 3005 Nihil
402 2945 462 3020 est,
488 2938 576 3026 quod
600 2937 736 3026 scripsit
759 2939 862 3006 Reiff.
887 2938 982 3021 Quae
999 2940 1133 3027 Gangn.
1157 2938 1267 3006 tradit
1290 2960 1371 3004 sana

191 3087 262 3131 esse
285 3063 440 3131 arbitror
462 3088 568 3153 neque
592 3067 666 3133 ulle
688 3066 845 3153 indigere
868 3066 1163 3155 interpretatione.

280 3336 305 3378 c.
323 3317 361 3395 9,
386 3336 418 3400 p·
435 3316 517 3395 208,
542 3337 575 3379 v.
592 3319 650 3382 12:
689 3315 768 3379 Rmn
798 3340 883 3401 aqna
916 3316 956 3380 de
985 3317 1212 3382 amaritudines
1234 3318 1308 3382 vr’tio
1330 3319 1370 3382 ie

190 3463 293 3502 auem
332 3438 549 3503 commodum
586 3443 793 3507 suavitatis
827 3443 955 3529 [itaB3
996 3445 1029 3508 in
1061 3470 1150 3510 caeru
1181 3445 1370 3510 commodum

190 3565 356 3628 suavitatis
371 3562 547 3648 Latiniue;
583 3566 618 3629 in
641 3590 731 3630 rreum
753 3567 928 3631 cemnwdae
950 3568 1115 3633 suavitatis
1130 3567 1246 3653 Reid]
1269 3567 1374 3632 Mosei

190 3687 277 3774 lieno
292 3686 493 3753 remediatur.
518 3688 657 3776 Liynum
673 3691 758 3755 illud
773 3708 842 3756 erat
859 3690 1002 3758 Canace
1017 3706 1182 3757 venenatae
1197 3706 1225 3756 et
1240 3718 1370 3758 amarae

190 3828 274 3878 retro
297 3826 430 3877 naturae
456 3837 551 3877 venae
580 3815 615 3878 in
646 3816 871 3881 celeberrimae
901 3841 1001 3903 aquae
1024 3817 1173 3904 bapte'emi
1192 3816 1310 3883 coelicet
1332 3844 1370 3883 ree

190 3960 255 3999 eece
277 3936 462 4003 remedians.

281 4063 411 4146 Nescio,
437 4087 498 4130 eur
514 4066 584 4131 viri
608 4066 697 4133 docti
720 4065 895 4135 noluerint
925 4069 960 4133 in
986 4094 1075 4134 cuum
1096 4070 1285 4135 commodem
1299 4096 1369 4136 eua-

190 4187 296 4252 meare
318 4190 481 4256 retinere.
517 4188 717 4255 Omnmodum
739 4193 905 4259 reumatis
929 4194 1017 4260 enim
1040 4195 1163 4261 merito
1186 4195 1369 4283 opponitur

190 4314 416 4378 arzere'tudime
447 4314 537 4395 uitem
568 4338 656 4378 ausum
688 4321 801 4382 autem
834 4319 1003 4404 proprium
1034 4325 1103 4401 est,
1148 4341 1234 4406 quae
1264 4320 1369 4385 inter·

190 4438 340 4524 pretetio
365 4446 400 4506 et
423 4440 527 4507 verbo
552 4441 760 4509 remediandi
783 4443 1012 4511 confirmatur.
