3267 5209
1374 413 1415 477 73

235 584 341 673 aliqrto
364 589 541 651 cornnrercio
563 588 752 673 nequiverant
783 589 905 652 iniuria
923 604 1108 676 provocatus
1134 588 1297 652 abstrahat
1320 602 1349 652 tc
1372 588 1424 651 ad

234 738 325 776 arcana
347 710 491 793 iadicem,
524 713 609 775 etin
632 711 806 776 custodiam
828 713 988 801 deleqann
1017 714 1062 776 ad
1084 714 1302 778 exsolntcirncrn
1325 708 1418 777 totins

236 838 334 901 debiti
373 838 495 900 amera.
532 837 612 899 Tana
646 837 677 900 si
718 838 752 900 in
797 838 958 902 diabolum
993 838 1197 923 'transfertur
1241 838 1421 902 aduersarii

236 963 347 1025 nennio
379 986 421 1025 aa
451 961 710 1025 observatione
741 965 941 1027 coricitantc
971 988 1039 1026 eccm
1062 960 1119 1026 illo
1143 987 1261 1048 quoqne
1284 967 1417 1028 nacncrv‘c

237 1110 306 1150 eane
327 1086 409 1149 inire
426 1085 633 1166 concordiam,
652 1110 731 1172 quac
746 1086 911 1175 (lapidetur
933 1112 972 1151 ea
978 1087 1065 1172 fidei
1081 1075 1274 1151 coricentcbnc
1281 1113 1293 1169 5
1303 1102 1418 1175 pactus

237 1234 268 1275 ea
302 1211 383 1275 enine
420 1213 602 1276 rcrarcndc'arc
634 1212 700 1299 ipsi
727 1225 755 1275 ct
779 1236 917 1299 pennice
955 1225 982 1275 ct
1013 1211 1133 1297 anqclia
1164 1214 1239 1277 eins.
1271 1211 1418 1277 Convenit

237 1336 318 1400 inter
340 1358 392 1399 vos
415 1334 544 1400 alciato,
578 1335 665 1399 Haec
689 1338 748 1400 erit
770 1338 911 1400 arnv‘ci'ria
942 1337 1150 1400 adamantinae
1171 1337 1357 1423 sperantiam,
1382 1364 1419 1400 ne

240 1459 319 1545 qaid
341 1462 407 1523 cina
423 1474 535 1547 postca
558 1482 697 1523 remaneas
721 1486 760 1524 cn
781 1460 830 1523 lica
855 1485 934 1546 qnae
957 1462 1086 1525 cicraati
1108 1499 1159 1526 —-.
1397 1438 1400 1444 Ι

327 1584 480 1651 Primum
504 1584 585 1673 quid
608 1584 673 1652 sibi
696 1584 807 1651 velint
824 1606 910 1672 quae
925 1585 1030 1671 vulgo
1048 1588 1232 1674 leguntur:
1249 1586 1335 1650 Huic
1346 1612 1419 1675 cryc

239 1710 353 1775 donam
376 1708 477 1774 animi
491 1724 645 1797 praestes,
662 1732 802 1798 prorsus
825 1705 878 1776 me
893 1709 1023 1777 nescire
1039 1710 1160 1778 fateor.
1186 1711 1306 1800 Neque
1330 1712 1417 1777 enim

240 1836 281 1902 de
295 1834 500 1924 praestando
514 1834 632 1922 agitur
655 1834 692 1901 in
714 1834 829 1902 verbis
841 1833 981 1903 Graecis
1001 1829 1095 1921 (ἴσθι
1111 1834 1230 1901 εὐνοῶν
1245 1836 1342 1921 ταχύ)
1359 1859 1419 1903 nec

240 1958 281 2026 de
299 1962 384 2027 bono
408 1956 521 2027 animi.
545 1959 651 2025 Recte
672 1959 759 2025 enim
775 1960 872 2025 illum
888 1953 1071 2046 Evangelii
1086 1961 1195 2026 locum
1212 1961 1420 2027 intellexisse

242 2085 360 2173 opinor
375 2083 566 2150 liutherum
578 2089 773 2165 nostratem,
791 2108 866 2150 cum
882 2091 1036 2151 verteret
1045 2080 1055 2149 i
1071 2084 1127 2151 Sei
1142 2084 1332 2172 willfertig.
1356 2084 1423 2151 Sed

241 2184 308 2275 non
332 2210 372 2274 de
395 2208 598 2297 praestando
623 2207 792 2275 dominum
816 2209 870 2274 hic
893 2210 1043 2276 locutum
1067 2230 1151 2290 esse,
1178 2195 1237 2276 sed
1260 2210 1300 2276 d'e
1324 2213 1420 2276 bene·

240 2332 391 2400 volentia
421 2334 492 2421 ipse
524 2355 655 2421 quoque
686 2334 792 2401 sensit
815 2334 920 2416 Ten,
952 2357 1025 2401 cum
1056 2333 1159 2417 infra,
1191 2332 1227 2399 in
1250 2333 1421 2400 diabolum

243 2457 476 2526 adversarium
498 2458 755 2546 interpretatus,
797 2459 904 2526 dicat:
930 2483 998 2522 enm
1035 2496 1077 2507 —
1112 2459 1309 2523 concordiam
1339 2460 1421 2522 ini-re

240 2584 383 2665 cronaca,
408 2589 443 2650 ct
466 2605 603 2649 rursus:
628 2584 703 2647 laec
726 2586 784 2648 crit
807 2584 947 2649 amicitia
971 2577 1027 2648 -ζ
1049 2583 1145 2665 Quae
1169 2607 1243 2650 cum
1266 2583 1317 2650 ita
1340 2584 1419 2664 sint,

241 2708 452 2775 scribendum
482 2714 582 2796 puto:
618 2708 703 2772 Huic
724 2733 795 2794 erqo
820 2704 894 2772 ban-i
914 2708 1016 2772 animi
1034 2722 1189 2797 praeno
1212 2724 1302 2791 calc,
1336 2730 1421 2796 quae

241 2832 491 2901 accuratissime
516 2837 656 2900 vertant
679 2832 811 2900 Graeca
849 2831 968 2898 εὐνοῶν
998 2828 1073 2897 ἴσθι
1105 2832 1197 2914 ταχύ.
1230 2833 1285 2901 Sic
1309 2840 1422 2900 autem

242 2964 351 3025 ortam
375 2980 446 3024 esse
463 2957 692 3046 corruptelam
708 2958 870 3040 arbitrer,
899 2963 939 3024 ut
954 2958 1075 3024 littera
1104 2983 1122 3020 0
1140 2958 1286 3045 primum
1302 2958 1423 3024 omissa

242 3082 407 3151 librarius
439 3081 519 3171 quid
543 3079 589 3148 sit
615 3096 787 3169 praestanto
811 3079 969 3149 *nesciens
1003 3082 1106 3149 etiam
1129 3082 1295 3170 syllabam
1327 3097 1357 3145 tn
1382 3089 1423 3149 ut

242 3228 526 3296 supervacaneam
550 3205 711 3273 omiserit.

365 3332 537 3417 Ρναοεκο)
563 3358 594 3396 ca
618 3330 674 3399 vel
691 3334 864 3421 prceat<0>
889 3334 995 3416 ea<cc>
1020 3332 1103 3396 aba
1125 3331 1309 3400 Stowass

335 3457 401 3525 Sed
425 3456 492 3523 iam
516 3457 558 3524 ad
582 3458 728 3523 alterum
751 3456 860 3523 locum
883 3458 1016 3523 veniam
1041 3478 1181 3545 eumque
1208 3458 1313 3523 multo
1338 3456 1423 3522 diffi-

245 3580 404 3662 ciliorem,
420 3582 527 3648 verba
542 3581 633 3648 dico:
652 3583 738 3647 Trina
753 3584 831 3647 siin
846 3581 1007 3647 diabolum
1029 3582 1222 3669 traiafferan·
1245 3581 1427 3645 adversarii

242 3704 353 3770 merdic
370 3730 413 3770 ca
427 3704 902 3772 observationc'comitantc
918 3732 987 3772 cnm
1004 3707 1061 3771 illo
1081 3732 1199 3793 quoqne
1210 3708 1344 3770 nicaenis
1356 3731 1422 3769 earn

244 3832 325 3895 inire
341 3829 540 3895 concordiam
563 3866 616 3894 -.
637 3827 793 3897 Adnotat
816 3831 980 3899 Oehlerus
997 3832 1057 3916 (ΙΙ,
1078 3856 1110 3919 p.
1125 3832 1223 3916 elin:
1252 3830 1424 3918 „Vulgata

246 3954 417 4022 distinctio
430 3994 471 4003 -
486 3961 555 4022 est:
580 3957 701 4038 mentia,
726 3981 764 4019 ecc
786 3956 995 4021 observatiam
1018 3959 1179 4020 amnilcra‘e
1203 3980 1272 4020 cam
1298 3954 1353 4020 illo
1368 3994 1421 4037 —,

245 4102 331 4168 quac
353 4102 469 4146 sanam
484 4080 685 4146 sententiam
701 4079 854 4147 admittit
868 4079 1006 4149 nullam.
1032 4079 1202 4145 Cornircnte
1216 4081 1423 4166 iungendum

245 4212 297 4272 est
312 4228 387 4271 cum
403 4205 470 4288 illo,
494 4228 560 4271 non
577 4227 651 4270 cum
670 4206 900 4286 observantem
923 4205 1127 4293 exprimitur
1150 4205 1238 4271 enim
1260 4204 1322 4271 illa
1345 4189 1424 4271 voce¹

245 4330 331 4397 illud
358 4328 560 4417 Evangelii:
597 4330 675 4396 dum
710 4336 762 4397 est
793 4352 868 4395 cum
901 4330 962 4397 illc
990 4331 1026 4396 in
1050 4330 1117 4396 via.
1146 4329 1424 4396 Observationem

247 4463 358 4522 autem
382 4455 466 4523 dicit
489 4454 758 4522 observationem
781 4454 872 4521 vocis
897 4455 1099 4522 dominicae:
1124 4460 1196 4522 estc
1215 4454 1424 4520 consentiens
