3267 5209
299 359 342 422 46

389 531 478 613 Quid
491 533 648 623 planius?
663 532 809 601 Ursinus
825 556 907 599 vcro
919 533 1001 600 haec
1012 540 1140 600 temere
1152 534 1309 616 mutavit,
1327 533 1417 600 haud
1429 534 1475 598 in-

299 657 476 745 tellegena
501 664 542 725 ut
564 656 713 737 videtur,
739 656 779 722 de
802 656 887 722 reis
908 656 963 722 hio
987 656 1054 742 agi,
1078 657 1147 723 ie.
1171 658 1214 724 (le
1234 659 1474 747 peccatoribus,

299 780 444 868 Scripsit
468 783 571 849 enim:
597 782 685 846 Haeo
708 782 797 869 ipsae
820 806 871 844 rea
891 782 1068 866 lcqauuuu.
1093 783 1133 847 Se·
1153 808 1203 847 rec
1227 808 1296 847 uoce
1318 783 1474 868 ιίτίίοίιιοε,

299 907 425 973 aderaut
436 906 629 972 a'clololalrea
643 944 686 954 -
695 902 789 987 Quae
803 906 996 972 coniectura
1011 906 1071 972 vix
1079 905 1250 995 intellego,
1264 884 1476 994 quamobrem

298 1031 462 1120 Rigeltio,
488 1028 642 1113 Oehlera
668 1029 945 1097 Reifferscheidio
968 1031 1157 1119 placuerit?

387 1304 413 1347 o.
431 1285 461 1363 6,
479 1305 510 1369 p.
525 1284 600 1363 229,
619 1304 650 1346 v.
665 1284 707 1349 28
723 1304 807 1369 sqq.:
825 1283 1017 1371 Vituperat
1028 1287 1147 1348 auctor
1163 1288 1289 1348 statum
1305 1276 1476 1347 hominum

297 1404 394 1471 Adae
425 1412 559 1493 peccato
588 1406 821 1493 depravatum.
854 1408 955 1473 Haec-
979 1414 1114 1488 exstant
1145 1408 1181 1473 in
1211 1407 1258 1471 B:
1289 1407 1335 1471 Ia
1362 1408 1475 1473 herba

297 1657 428 1721 idoneae
451 1656 534 1741 quod
560 1681 615 1720 uec
645 1658 734 1745 eptae
763 1659 866 1723 adhuc
889 1683 990 1744 aquae
1012 1660 1154 1724 laverant
1182 1658 1355 1746 (baptismi
1378 1659 1473 1742 scil).

288 1813 291 1823 ·
384 1780 482 1862 Quae
502 1780 583 1869 quin
606 1782 754 1849 absurda
773 1783 852 1862 sint,
876 1806 972 1849 nemo
989 1806 1145 1871 umquam
1166 1783 1347 1849 dubitavit.
1372 1783 1475 1851 Multi

296 1906 405 1972 multa
428 1906 607 1975 coniecere.
632 1906 806 1973 Postremo
830 1904 931 1973 Hart.
954 1905 1029 1993 (IV,
1045 1931 1077 1994 p.
1098 1910 1150 1988 18)
1166 1908 1263 1973 haec:
1288 1908 1474 1974 Inhaerebat

296 2159 418 2249 quibus
430 2164 550 2225 sanata
568 2180 639 2223 esse
651 2164 734 2244 puto
750 2157 872 2223 ultima
887 2159 1003 2224 verba.
1016 2157 1067 2224 At
1081 2158 1116 2223 in
1132 2156 1305 2245 prioribus
1320 2157 1378 2223 vix
1391 2180 1467 2245 opus

296 2290 349 2351 est
378 2290 476 2350 tanta
513 2283 710 2349 mutatione.
748 2280 909 2370 Scripsit,
943 2281 979 2346 ni
1008 2280 1119 2363 fallor,
1156 2282 1265 2347 Terta
1301 2282 1343 2346 Iu
1377 2284 1470 2346 herba

297 2434 514 2494 usquequaque
549 2408 694 2471 ἰίίιίίιόίε
726 2408 812 2471 cirac
843 2406 927 2490 (scil.
948 2409 1014 2491 est)
1052 2420 1085 2469 et
1123 2407 1233 2490 lacte,
1265 2410 1373 2474 cordes
1411 2436 1471 2473 νιοιι

297 2535 441 2598 abeuntes
453 2572 506 2598 —.
527 2532 615 2599 Nam
631 2534 666 2596 ι’νι
683 2533 777 2596 herba
800 2547 830 2595 et
844 2530 923 2594 lacte
938 2530 1129 2616 significare
1145 2554 1240 2619 posse
1255 2534 1472 2600 crediderim:

294 2659 361 2726 iam
384 2658 561 2747 inprimis
585 2664 619 2723 et
642 2657 849 2724 tenuissimis
870 2655 1056 2744 principiis.

383 2935 408 2977 c.
427 2916 457 2993 7,
483 2934 514 2998 p.
540 2915 615 2992 231,
641 2936 672 2977 v.
696 2914 716 2977 2
744 2933 828 2998 sqq:
861 2950 905 2956 -
933 2908 994 2985 τίς
1013 2908 1196 2996 ἄνθρωπος
1218 2906 1254 2985 ἐξ
1280 2908 1369 2988 ὑμῶν
1391 2906 1479 2989 ἔχων

294 3032 410 3101 ἑκατὸν
434 3034 587 3122 πρόβατα
611 3032 669 3098 καὶ
694 3033 864 3111 ἀπολέσας
895 3032 930 3111 ἐξ
953 3032 1060 3100 αὐτῶν
1085 3029 1121 3099 ἓν
1144 3032 1182 3099 οὐ
1205 3028 1405 3111 καταίείπει
1430 3037 1478 3100 τὰ

293 3159 481 3249 ἐνενήκοντα
505 3156 597 3224 ἐννέα
620 3159 654 3224 ἐν
676 3161 720 3245 τῇ
748 3156 855 3247 ἐρήμῳ
883 3157 941 3223 καὶ
958 3158 1134 3245 πορεύεται
1150 3155 1212 3223 ἐπὶ
1229 3158 1267 3221 τὸ
1284 3158 1477 3245 ἀπολωλός,

294 3284 355 3362 {sog
383 3286 457 3372 alep
489 3283 583 3364 αὐτό,·
612 3282 669 3348 καὶ
699 3284 800 3370 εὑρὼν
828 3284 1029 3373 ἐπιτίθησιν
1051 3279 1112 3349 ἐπὶ
1136 3284 1214 3358 τοὺς
1236 3280 1346 3365 ίιίμοος
1368 3283 1478 3350 αὐτοῦ

292 3407 422 3496 χαίρων,
447 3406 505 3473 καὶ
520 3408 630 3473 ἐλθὼν
646 3402 695 3483 εἰς
711 3408 766 3473 τὸν
782 3400 875 3473 οἶκον
890 3408 1046 3493 συγκαλεῖ
1068 3410 1145 3485 τοὺς
1168 3408 1287 3495 φίλους
1311 3409 1368 3473 καὶ
1392 3410 1481 3487 τοὺς

295 3530 452 3617 γείτονας,
477 3531 578 3617 λέγων
602 3532 716 3609 αὐτοῖς
731 3556 737 3569 ·
752 3532 932 3621 σογχιίρητέ
952 3557 1022 3617 μοι)
1050 3533 1102 3599 ὅτι
1125 3529 1218 3620 εὗρον
1240 3535 1278 3599 τὸ
1302 3532 1482 3620 πρόβατόν

291 3684 354 3743 μον
366 3661 404 3725 τὸ
421 3659 607 3736 ἀπολωλός.
632 3659 714 3744 λέγω
730 3660 805 3741 ὑμῖν
826 3660 877 3724 ὅτι
893 3661 998 3736 οὕτως
1013 3663 1097 3748 χαρὰ
1113 3659 1148 3726 ἒν
1170 3663 1218 3745 τῷ
1234 3659 1359 3747 οὐρανῷ
1375 3659 1480 3727 ἔσται

292 3784 353 3850 ἐπὶ
377 3780 423 3850 ἑνί
445 3786 630 3873 ἁμαρτωλῷ
646 3792 857 3867 μετανοοῦντι
873 3785 893 3872 ἢ
908 3782 969 3851 ἐπὶ
990 3783 1178 3874 ἐνενήκοντα
1198 3782 1288 3850 ἐννέα
1312 3781 1483 3866 δικαίοις,

291 3911 411 3988 οἵτινες
439 3909 476 3975 οὐ
505 3910 615 3998 χρείαν
644 3909 770 3992 ἔχουσιν
798 3909 975 3992 μετανοίας
1006 3911 1100 3995 (Luc.
1133 3914 1185 3989 15,
1214 3912 1327 3996 4-7).
1358 3910 1484 3992 Quam

292 4036 485 4123 parabolam
510 4036 560 4103 ita
585 4036 776 4103 adversarii
798 4038 1087 4125 interpretantur,
1114 4043 1155 4103 ut
1178 4060 1274 4105 ovem
1301 4038 1486 4126 perditam

291 4162 512 4229 christianum
547 4170 756 4249 peccatorem
795 4184 867 4229 esse
892 4164 1045 4243 credant,
1078 4162 1131 4228 cui
1153 4162 1363 4250 paenitentia
1392 4171 1489 4233 aeta

291 4286 413 4353 delicta
432 4289 473 4353 ab
492 4286 631 4355 ecclesia
646 4288 849 4354 remittenda
865 4287 941 4354 sint.
960 4287 1089 4353 Contra
1105 4288 1199 4353 Tert.
1217 4285 1319 4351 aliam
1335 4286 1487 4356 omnino

290 4411 455 4479 rationem
482 4412 559 4478 vult
588 4412 775 4496 observet-ru
805 4411 1052 4499 respiciendum
1080 4412 1168 4478 enim
1193 4434 1264 4477 esse
1289 4437 1325 4475 eo
1348 4435 1490 4499 semper
