3267 5209
1306 372 1349 436 49

172 543 227 608 ait.
254 543 339 608 Tum
362 544 597 633 dittographia
620 543 747 611 iterata
770 551 822 611 est
845 568 911 610 vox
941 546 1015 627 etsi,
1040 552 1075 611 et
1099 568 1141 611 ex
1170 547 1230 610 etsi
1250 546 1351 609 otium

171 671 298 736 foetum
331 679 383 739 est
424 672 622 737 ethnicorum.
662 710 705 719 —
746 654 965 756 <Pe>eorum
999 694 1061 759 pro
1096 671 1197 735 ouium
1219 668 1351 734 mavult

171 804 273 883 pater
297 797 539 864 Theodorus

263 919 359 1001 Quod
380 944 462 988 vero
480 922 613 989 infraC
633 924 813 987 habentibus
836 925 985 1009 praebet,
1009 924 1039 987 Β
1059 929 1174 989 autem
1196 923 1350 1002 babentes,

172 1050 356 1131 utrumque
387 1045 638 1112 Tertuilinnum
675 1044 823 1113 seribere
853 1046 1002 1131 potuisse
1025 1046 1061 1114 in
1082 1046 1265 1136 propatulo
1289 1051 1350 1121 est,

178 1171 224 1235 et:
250 1171 412 1233 nouitati
431 1169 561 1245 Iudaei,
588 1186 614 1235 et
636 1172 719 1253 (soil.
744 1170 854 1259 tedes),
879 1172 991 1255 quibus
1014 1210 1057 1219 —-
1081 1196 1142 1236 uon
1165 1196 1243 1259 opus
1265 1186 1351 1252 esset,

172 1294 326 1360 babentes
351 1333 404 1375 —-,
429 1296 479 1361 et:
503 1318 564 1357 uon
588 1295 666 1357 iusti
685 1293 810 1375 huiusi,
836 1307 863 1356 et
886 1293 998 1378 quibus
1021 1332 1063 1341 -
1087 1320 1149 1359 uon
1172 1320 1250 1383 opus
1272 1309 1348 1359 esset

171 1419 385 1483 habentibus.
417 1456 460 1467 —-
486 1418 590 1484 Cuius
615 1419 666 1483 rei
690 1418 842 1505 equidem
865 1418 1066 1485 mentionem
1097 1442 1163 1485 non
1190 1420 1348 1502 fecissem,

172 1542 239 1608 nisi
271 1542 431 1628 Kroym.,
466 1549 642 1630 postquam
672 1548 762 1613 reete
795 1549 830 1609 et
854 1542 941 1630 quod
963 1543 993 1608 B
1015 1545 1159 1631 praebet
1185 1543 1351 1630 interpre

172 1668 335 1734 tationem
367 1667 548 1733 admittere
572 1666 734 1749 ostendit,
760 1668 848 1733 mira
870 1667 953 1734 haee
977 1670 1084 1734 verba
1106 1666 1350 1733 subiunxisset:

177 1793 272 1873 „inde
314 1792 423 1881 liquet
458 1794 494 1859 et
528 1793 582 1860 hie
618 1794 745 1861 librum
786 1794 923 1860 Ioannis
970 1790 1151 1861 Clementis
1190 1793 1352 1880 praebere

173 1918 429 1984 coniecturam“.
461 1916 586 2003 Liquet
618 1924 730 1983 autem
753 1916 1010 2004 multomagis,
1040 1917 1178 2004 opinor,
1204 1915 1353 1983 Clemen-

172 2044 279 2111 tinum
306 2043 481 2109 lectionem
513 2040 602 2107 tanti
624 2040 811 2106 faciendam
837 2062 908 2106 esse
937 2040 1056 2128 quanti
1080 2039 1350 2125 Gangneienam3

173 2168 253 2255 quid
276 2168 364 2234 enim
389 2164 565 2253 scripserit
587 2171 713 2247 auctor,
739 2164 919 2232 diiudicari
943 2189 1009 2232 non
1032 2171 1152 2253 potest.

263 2292 352 2375 Quid
379 2299 492 2359 autem
520 2291 585 2358 sibi
610 2291 719 2359 voluit
742 2292 798 2359 vir
826 2291 1049 2373 doetissimuS,
1075 2313 1149 2355 oum
1173 2288 1277 2355 dixit:
1315 2292 1353 2355 et

172 2417 250 2483 hie?
285 2417 394 2499 Idem,
429 2417 466 2482 ni
506 2417 625 2500 fallor,
662 2417 750 2505 quod
790 2416 827 2481 in
860 2416 1073 2505 praefatione
1112 2416 1162 2483 ait
1199 2418 1245 2504 (p.
1277 2416 1350 2499 10):

177 2543 327 2624 „Peioris
351 2564 426 2608 eum
449 2541 553 2608 fuisse
576 2547 676 2607 notae
699 2547 733 2607 et
756 2540 957 2608 oonieeturis
972 2541 1194 2628 depravatum
1218 2563 1351 2606 —eum

174 2668 216 2734 ad
247 2690 317 2733 rem
353 2689 519 2733 secessere
546 2688 608 2754 por
636 2666 787 2751 singulos
825 2666 912 2731 locos
949 2666 1212 2733 demonstrabo.“
1256 2664 1353 2730 Nihil

173 2799 287 2861 autem
311 2814 452 2879 usquam
472 2791 733 2874 demonstravit3
758 2791 830 2878 ipse
854 2790 942 2857 enim
964 2789 1019 2857 hio
1041 2792 1133 2858 loeus
1156 2793 1274 2857 unicus
1289 2799 1349 2874 est,
1441 2832 1444 2836 ·

174 2939 238 3003 quo
251 2915 391 3003 vellipse
404 2914 628 2981 coniecturam
652 2914 729 2980 huie
745 2914 849 2981 oodiei
864 2914 1007 2981 tribuet.
1032 2917 1164 3004 Itaque,
1190 2925 1352 3004 quantum

175 3043 289 3109 valeat
300 3041 363 3107 illa
380 3039 500 3106 oodiois
516 3038 634 3127 optimi
650 3039 950 3126 pretiosissimique
965 3038 1183 3127 vituperatio,
1202 3040 1268 3107 iam
1280 3042 1352 3129 ipse

174 3168 321 3251 videbis,
346 3188 406 3233 nee
430 3166 515 3231 mihi
546 3187 629 3252 opus
659 3164 727 3232 erit
756 3185 830 3230 oum
854 3164 929 3230 viro
954 3163 1141 3231 doctissimo
1165 3165 1205 3231 de
1228 3167 1291 3233 hae
1313 3188 1352 3232 re

174 3292 283 3359 fusius
307 3292 475 3359 altercari.

264 3568 290 3611 o.
308 3550 338 3626 8,
363 3568 395 3630 p.
414 3546 488 3623 235,
514 3567 545 3608 u.
563 3547 620 3610 11:
645 3544 777 3630 Agitur
800 3544 842 3609 de
867 3544 1153 3631 interpretatione
1169 3543 1352 3631 parabolae

174 3670 285 3753 illius,
322 3692 422 3756 quam
452 3668 557 3755 vulgo
590 3669 730 3734 dicimus
752 3669 816 3734 filii
839 3668 976 3757 perditi.
1014 3666 1218 3734 Adversarii
1245 3666 1353 3732 filium

175 3796 343 3876 maiorem,
370 3795 429 3881 qui
444 3792 532 3859 domi
544 3800 666 3875 manet,
693 3795 853 3882 populum
870 3795 1033 3861 Iudaeum
1054 3795 1205 3881 figurare
1220 3793 1350 3874 volunt,

175 3920 347 3998 minorem,
379 3919 402 3984 i.
428 3941 455 3985 e.
482 3919 678 4005 prodigum,
711 3920 871 4006 populum
895 3919 1136 3986 Christianum.
1165 3917 1262 3984 Hane
1285 3918 1353 4006 opi-

175 4043 307 4109 nionem
331 4040 566 4108 dissertatione
589 4042 718 4108 fusiore
742 4042 951 4128 redarguere
974 4051 1116 4110 oonatur
1139 4043 1232 4111 Tert.
1266 4042 1352 4107 Tum

175 4167 308 4256 pergit:
345 4167 397 4231 Ita
422 4167 482 4232 etsi
503 4167 655 4252 quaedum
671 4168 808 4255 facient,
833 4164 909 4254 [et]
934 4168 1009 4231 aliis
1031 4181 1138 4232 eontra
1161 4168 1353 4255 sapientibus

175 4293 365 4359 interimitur
408 4291 615 4378 ewempdoium
654 4289 871 4377 peraequatio,
911 4292 968 4356 Ite
1002 4289 1122 4375 Reiff.;
1161 4305 1189 4356 et
1211 4289 1258 4374 B,
1297 4292 1353 4354 sed

177 4417 350 4484 Gelenius

231 4541 379 4588 eomperz,
395 4542 529 4583 'remullian
1227 4540 1245 4593 4
