3267 5209
225 378 249 445 4

225 552 378 624 badonas
393 557 523 624 lacunis
543 561 709 639 scateant,
734 556 771 621 in
795 554 873 623 aliis
888 578 971 623 vero
985 555 1085 623 libris
1100 575 1229 645 quoque
1245 556 1408 624 sescentis

225 680 298 747 iare
320 679 402 748 locis
424 688 486 749 aut
508 681 662 769 syllabae
685 688 747 748 aut
769 680 909 748 litterae
933 680 1054 747 demut.

314 804 556 893 Agebardinus
567 825 650 873 vero
662 805 752 871 solus
766 813 827 888 eat,
839 804 869 871 si
880 806 922 872 de
934 804 967 870 D
979 809 1157 888 taceamus,
1172 826 1214 873 ex
1225 802 1404 883 codicibus,

225 932 281 1020 qui
307 931 416 998 adhue
439 937 565 999 exstat:
597 929 701 998 ceteri
722 928 910 1017 perierunt.
943 928 1094 1011 Quorum
1116 930 1225 1017 primo
1248 952 1329 994 usus
1352 934 1408 995 est

224 1055 297 1121 lob.
315 1055 513 1142 (langneius
528 1055 564 1121 in
580 1054 726 1123 editione
742 1076 804 1121 sua
819 1054 888 1139 (Β),
915 1074 1002 1142 quae
1017 1051 1146 1139 prodiit
1160 1050 1305 1118 Parisiis
1318 1072 1407 1119 anno

229 1182 323 1247 lala
349 1178 455 1262 Quem
478 1180 622 1259 codicem
643 1179 769 1267 peioris
798 1185 899 1245 notae
929 1176 1034 1242 fuisse
1061 1174 1145 1242 eatis
1166 1175 1234 1241 iam
1257 1185 1399 1244 constat.

225 1303 372 1370 Praeter
406 1303 495 1371 hune
527 1310 639 1371 autem
671 1311 706 1370 et
736 1304 808 1391 ipso
839 1300 1059 1388 Agobardino
1090 1324 1188 1368 usum
1219 1324 1290 1369 esse
1313 1302 1404 1369 Gan·

223 1428 359 1515 guaiam
382 1428 418 1495 in
442 1426 652 1496 recensendis
675 1428 724 1495 ais
746 1427 855 1511 libris,
881 1450 963 1516 quos
985 1428 1046 1494 ille
1062 1428 1219 1509 continet,
1242 1424 1404 1516 probavit

223 1554 425 1621 Erncatns
441 1554 735 1620 Klussmannus
758 1553 794 1619 iu
810 1576 872 1619 sua
886 1552 970 1620 libri
986 1552 1026 1616 de
1040 1552 1225 1641 spectaculis
1247 1552 1401 1618 editione.

223 1678 280 1745 Ita
301 1683 414 1744 tamen
436 1699 518 1743 usus
541 1682 609 1759 est,
634 1684 674 1744 ut
696 1679 893 1766 plerumque
916 1678 984 1765 Ag.
1008 1677 1167 1744 lectiones
1189 1679 1226 1742 in
1248 1676 1404 1763 margine

223 1802 338 1889 (Bag)
354 1806 487 1869 tantum
503 1801 723 1889 adscripserit
737 1803 774 1870 in
793 1805 866 1893 ipso
885 1811 985 1874 textu
1004 1806 1235 1873 constituendo
1256 1805 1406 1871 alterum

223 1929 366 1990 secutus.
396 1924 439 1989 ln
470 1923 541 1989 illis
570 1928 684 1990 tamon
718 1924 832 2005 libris,
863 1926 923 1993 ubi
949 1927 984 1993 A
1015 1926 1144 2009 deficit,
1185 1926 1225 1990 de
1251 1928 1405 2015 hupedano

223 2048 369 2129 seilicet,
402 2048 442 2112 de
457 2046 637 2136 pudicitia,
668 2049 709 2113 da
730 2050 866 2133 cabum,
897 2053 968 2119 solo
991 2052 1102 2121 altero
1130 2052 1240 2119 codiee
1264 2054 1402 2121 nititur.

222 2174 288 2240 Hic
311 2173 430 2261 igitur,
456 2196 541 2260 quae
566 2173 601 2239 in
623 2175 777 2262 margine
794 2173 952 2241 editionis
968 2176 1210 2263 Gaugneiauae
1223 2176 1402 2265 leguntur,
1515 2204 1517 2209 ·

221 2302 328 2391 ipsius
358 2302 494 2389 ingenio
524 2302 690 2369 debentur
720 2299 777 2383 (ef.
798 2301 953 2388 Kroym.,
977 2324 1009 2388 p.
1033 2302 1098 2385 10).
1130 2302 1317 2369 Praeterea
1340 2309 1404 2368 aut

222 2428 275 2494 sui
299 2427 421 2493 codicia
442 2427 623 2494 librarium
655 2430 716 2492 aut
750 2425 860 2513 ipsum
887 2424 1102 2511 Gangneium
1133 2425 1403 2515 inte1polationi·

222 2555 284 2620 bus
306 2553 491 2639 plurimum
514 2575 665 2642 peccasse
688 2553 875 2621 innumeris
897 2553 972 2619 fera
994 2551 1076 2619 locis
1095 2551 1275 2619 Hartelius
1298 2558 1406 2641 atque·

222 2678 465 2767 Kroymaunus
488 2678 816 2747 demonstraverunt.

310 2800 438 2867 Affinis
474 2802 553 2869 huic
588 2802 692 2869 ecdici
720 2804 789 2872 fuit
818 2806 878 2873 ille
909 2807 965 2892 (ef.
990 2807 1151 2894 Kropm,
1185 2830 1217 2894 p.
1244 2806 1296 2891 Ἰ),
1333 2828 1401 2895 quo

222 2950 304 2994 naus
327 2934 379 2995 eat
402 2928 598 2996 Gelenius
619 2930 712 3015 (Gal)
735 2930 772 2997 in
788 2930 935 2997 editione
959 2952 1020 2997 sua
1043 2930 1161 3015 (Basil.
1182 2933 1292 3016 1560).
1317 2928 1403 2996 Fuit

222 3059 333 3119 autem
346 3075 386 3118 ex
401 3052 509 3140 ipsius
523 3054 716 3121 testimonio
737 3055 844 3136 „liber
857 3055 1169 3146 incorruptissimus
1185 3079 1227 3123 cx
1242 3058 1399 3125 coenobio

222 3179 361 3245 ultimae
392 3179 593 3246 Britanniae
623 3181 837 3248 Masburensi
859 3182 1019 3270 petitus“.
1054 3182 1119 3250 Sed
1147 3204 1206 3249 nec
1236 3182 1400 3251 Gelenius

222 3326 362 3391 usquam
378 3304 604 3371 adnotandum
621 3304 729 3388 duxit,
751 3306 833 3394 quid
848 3306 953 3373 codici
968 3307 1031 3386 illi,
1056 3306 1137 3395 quid
1154 3306 1402 3373 vetustioribus

222 3429 441 3511 aditionibus,
474 3429 555 3517 quid
588 3428 694 3516 ipsius
729 3430 866 3517 ingenio
906 3431 1071 3498 debeatur
1110 3430 1163 3511 „in
1196 3431 1402 3498 emendando

221 3556 354 3645 quidem
383 3556 591 3623 felicissimo“
625 3557 793 3644 (Kroym.,
818 3581 850 3645 p.
869 3559 914 3643 8),
948 3557 1139 3645 saepissime
1162 3564 1276 3623 tamen
1298 3564 1400 3625 teme·

221 3680 326 3747 uariis
336 3680 578 3751 mutationibus
590 3680 817 3748 additionibus
830 3682 1062 3749 omissionibus
1070 3703 1191 3770 parurn
1204 3682 1400 3750 abstinenti.

221 3810 342 3896 Itaque
375 3808 410 3873 in
442 3807 511 3873 illis
534 3807 646 3886 libne,
680 3828 761 3893 quos
783 3807 814 3871 B
839 3815 874 3875 et
896 3808 960 3876 Gel
982 3810 1140 3890 tradunt,
1172 3810 1401 3895 aBaemper

221 3934 294 4000 fere
318 3932 492 4000 exordium
516 3931 711 3999 sumendum
736 3937 796 4014 est,
822 3941 862 4000 ut
882 3941 974 4001 recte
997 3936 1128 4003 monuit
1145 3935 1299 4023 Kroym.,
1316 3957 1348 4022 p.
1367 3936 1397 3999 8.

310 4058 483 4145 Superest,
508 4065 548 4125 ut
567 4056 768 4123 mentionem
788 4055 910 4122 faciam
926 4058 1021 4125 illius
1035 4058 1166 4141 codicis,
1191 4058 1250 4145 qui
1272 4057 1401 4124 dieitur

219 4183 308 4250 liber
329 4182 466 4253 loannis
490 4182 672 4249 Clementis
694 4180 802 4267 Angli
831 4181 894 4269 (0),
919 4184 1013 4250 cuius
1035 4184 1195 4251 lectiones
1219 4182 1400 4250 nonnullas

221 4310 359 4377 editioni
383 4332 464 4376 suae
488 4308 668 4397 adscripsit
690 4304 897 4373 Pamalius
910 4306 1102 4394 (Antwerp.
1122 4304 1232 4393 1579).
1256 4306 1309 4373 De
1332 4327 1398 4392 quo

219 4437 308 4504 libro
333 4436 506 4525 aliquanto
522 4438 622 4523 plura
637 4436 692 4503 hic
708 4435 875 4501 disserere
890 4434 995 4501 lubet.
1020 4435 1110 4500 Puto
1125 4432 1211 4498 enim
1227 4455 1294 4498 non
1308 4430 1398 4498 tanti
