3267 5209
1310 348 1355 428 aa

179 532 422 621 γαμησάτωσαν
437 552 444 567 ·
458 539 606 622 κρεῖττον
620 534 681 622 γάρ
696 535 785 603 ἐστιν
806 541 924 621 γαμεῖν
943 538 964 627 ἢ
980 544 1171 624 πυροῦσθαι
1200 539 1357 623 (Pracest

176 660 305 726 nubere
322 680 420 747 quam
435 660 501 727 uri.
519 698 562 709 -
581 666 597 727 1
615 660 691 729 Cor.
710 666 740 730 7.
757 665 870 748 8—9).
894 663 1071 752 Duplicem
1094 665 1244 731 concedit
1258 666 1353 733 Tert.

180 783 499 871 interpretationem
537 808 607 853 esse
638 790 822 855 verborum
856 803 982 877 praeest
1011 790 1127 853 nabere
1157 813 1250 875 quam
1291 792 1355 856 uri.

186 910 249 975 Uri
269 911 358 977 enim
381 919 443 979 aut
466 912 507 980 de
529 912 668 999 ignibus
690 913 865 1001 gehennae
888 920 950 982 aut
977 914 1018 981 de
1045 914 1184 1001 ignibus
1205 916 1356 1002 concupi-

177 1037 325 1105 scentiae
341 1037 541 1126 intellegere
565 1037 688 1127 aliquis
709 1038 826 1128 possit.
850 1039 902 1105 De
926 1039 1063 1126 ignibus
1078 1038 1165 1105 enim
1181 1036 1356 1126 gehennae

178 1162 340 1250 loquatur
363 1163 544 1252 apostolus,
570 1162 599 1229 si
622 1163 669 1229 sic
691 1165 798 1230 verba
821 1163 985 1250 excipias:
1010 1162 1040 1229 si
1061 1163 1135 1250 quis
1158 1187 1225 1230 non
1247 1163 1356 1242 nubit,

178 1286 383 1371 fornicatur,
409 1286 599 1355 fornicator
621 1294 735 1355 autem
758 1288 794 1355 in
825 1286 1013 1376 gehennam
1041 1288 1232 1355 damnatur.
1263 1289 1356 1354 Haec

178 1420 230 1482 est
242 1414 484 1502 interpretatio
508 1413 726 1499 Tertulliani,
752 1423 792 1485 ut
815 1417 875 1505 qui
889 1417 951 1484 hcc
966 1416 1076 1505 ipsum
1091 1416 1236 1504 probare
1253 1413 1356 1481 velit:

176 1536 432 1606 fornicationem
446 1539 580 1608 veniam
591 1541 746 1630 consequi
759 1566 826 1609 non
837 1564 943 1630 posse.
970 1542 1022 1608 De
1037 1541 1174 1628 ignibus
1190 1538 1357 1626 concupis-

177 1662 307 1731 centiae
332 1670 445 1733 autem
470 1671 605 1753 agatur,
630 1666 659 1732 si
682 1665 730 1733 sic
753 1666 953 1753 intellegas:
988 1666 1048 1755 qui
1072 1665 1228 1732 caelibem
1250 1663 1357 1729 vitem

177 1788 269 1875 agit,
294 1788 495 1856 feminarum
527 1813 592 1857 usu
618 1790 749 1858 omnino
773 1791 941 1892 abstinet,
965 1798 1077 1859 castus
1100 1813 1182 1857 vero
1206 1788 1357 1876 concupi·

177 1915 324 1982 scantiae
340 1915 483 1981 flammis
499 1916 624 1982 uritur.
641 1916 735 1983 Haec
751 1923 802 1983 est
815 1916 1056 2005 interpretatio
1072 1914 1356 1994 adversariorum,

177 2044 217 2104 ut
245 2039 303 2125 qui
325 2040 544 2108 fornicationi
567 2043 699 2109 veniam
721 2043 888 2111 tribuant.
920 2043 1048 2111 Contra
1071 2065 1153 2130 quos
1176 2041 1271 2108 Tert.
1296 2041 1358 2108 hcc

177 2172 418 2250 argumentum
440 2167 590 2255 profert:
627 2166 747 2253 Atquin
770 2170 802 2231 α’
812 2167 991 2254 focaneus
1014 2168 1103 2231 tabet
1125 2168 1257 2247 ceniacu,
1287 2190 1357 2229 ασα

178 2289 252 2353 erit
274 2292 585 2377 concupiscentia
608 2294 697 2359 eius.

267 2414 322 2481 Ita
350 2414 399 2498 B,
440 2416 527 2505 quod
558 2417 758 2484 servandum
790 2422 851 2484 est.
884 2418 957 2484 Hoc
987 2417 1075 2484 enim
1111 2416 1193 2483 dicit
1223 2421 1356 2482 auctor:

178 2538 389 2606 Contenditis
416 2540 634 2607 fornicationi
661 2543 794 2610 veniam
824 2564 908 2626 esse;
946 2547 1000 2624 at,
1033 2542 1062 2607 si
1091 2541 1225 2608 veniam
1255 2540 1359 2609 habet

178 2664 357 2731 fornicatio
388 2663 436 2752 (ct
466 2665 522 2731 hic
551 2665 630 2731 lusu
660 2666 733 2733 fere
772 2669 953 2734 verborum
987 2667 1108 2744 utitur,
1139 2665 1355 2747 adversariis,

177 2789 235 2876 qui
258 2788 320 2856 hoc
343 2790 449 2855 solum
474 2790 696 2857 contendunt:
725 2790 984 2858 fornicationem
1008 2791 1141 2857 veniam
1164 2790 1357 2878 consequi

179 2935 312 3001 posse,
337 2916 449 2981 fictam
473 2914 674 2980 sententiam
696 2914 868 2997 tribuens,
892 2938 933 2983 ex
956 2938 1023 3004 qua
1044 2916 1176 2982 veniam
1199 2915 1357 2997 habeat,

179 3039 201 3105 i.
220 3062 248 3106 e.
265 3040 361 3107 licita
384 3041 458 3127 sit),
493 3041 561 3107 iam
583 3040 826 3123 fornicabitur,
853 3042 1004 3131 quisquis
1034 3041 1164 3129 nuptiis
1195 3039 1356 3122 abstinet3
1426 3051 1481 3120 ξίν
1546 3030 1598 3141 μζ*

178 3165 294 3252 itaque
324 3186 431 3251 neque
467 3163 734 3252 concupiscentia
766 3169 899 3242 uretur,
935 3169 971 3231 et
1005 3164 1072 3229 iam
1102 3162 1225 3230 videtis
1256 3162 1359 3230 inter·
1411 3118 1460 3233 l.
1506 3145 1539 3210 '0⁸
1604 3177 1620 3231 ’,ἔ

179 3289 405 3377 pretationem
427 3295 577 3357 vestram
600 3311 674 3355 cum
689 3287 763 3377 ipsa
778 3298 895 3355 vestra
915 3288 1084 3354 sententia
1100 3286 1359 3373 haudquaquam
1404 3270 1467 3381 ,1²⁴⁸
1488 3257 1507 3379 'v
1532 3280 1586 3362 er*
1613 3384 1616 3394 Ι

179 3416 366 3481 convenire.
383 3454 423 3464 -
444 3414 541 3498 Quod
557 3422 669 3483 autem
685 3415 839 3504 scripsit:
857 3415 1102 3502 cmwupc‘ceentic
1114 3415 1208 3495 eius,
1228 3412 1359 3479 referas
1396 3502 1401 3536 ἰ
1422 3429 1485 3533 sss
1505 3399 1518 3413 ”
1596 3405 1620 3437 ““

179 3540 222 3606 ad
253 3539 525 3622 fornicationem,
558 3563 642 3627 quoe
673 3562 738 3606 vox
763 3562 827 3628 pro
857 3538 946 3607 omni
975 3538 1177 3605 feminarum
1208 3560 1273 3604 usu
1303 3535 1359 3602 hic
1387 3545 1425 3638 ,p
1494 3520 1544 3626 [ι’

1411 3651 1418 3685 t

178 3671 375 3753 usurpatur.
1543 3701 1547 3718 ·
1561 3667 1571 3697 ‘

270 3790 342 3856 Has
365 3790 603 3858 subtilissimas
626 3790 777 3878 profecto
808 3789 965 3876 argutias
988 3812 1054 3855 non
1081 3788 1165 3856 satis
1188 3787 1359 3876 hucusque
1385 3752 1419 3827 's'
1447 3750 1527 3871 κζ’·

179 3915 389 4004 perspexisse
401 3914 563 3982 videntur
574 3915 644 3981 viri
668 3913 774 3999 dccti;
798 3914 906 3980 locum
930 3912 1018 3980 enim
1034 3912 1143 3979 variis
1158 3911 1359 3979 coniecturis
1433 3919 1435 3924 '

179 4046 443 4128 temptaverunt.
477 4041 545 4107 Pro
577 4042 635 4103 emt
667 4039 804 4127 scripsit
834 4037 1059 4119 arithmus,
1092 4051 1161 4101 eret
1191 4034 1357 4117 Latinius,

179 4165 285 4229 uritur
300 4163 420 4249 Reiff.;
437 4165 615 4230 Hartelius
627 4170 740 4232 autem
754 4164 829 4248 (TV,
847 4186 879 4250 p.
894 4163 971 4248 33):
995 4162 1125 4248 Atquin,
1148 4160 1361 4247 sifmm'eatio

181 4290 509 4371 antevertentes
532 4291 591 4354 erut
614 4287 729 4371 (venia
752 4287 838 4372 scil.)
861 4286 1177 4374 concupiscentia<e>
1202 4286 1290 4349 eius?
