3267 5209
230 374 273 439 66

224 547 403 615 librariae.
450 544 677 636 Supplendum
707 547 793 612 enim
818 552 868 613 est
900 546 1187 637 brexiloquentiae
1213 548 1308 615 illius
1330 547 1409 615 'Per-

231 673 414 740 tullianeae
442 673 573 739 ratione
596 672 729 739 habita:
763 696 832 736 oum
863 696 884 735 a
907 675 1059 738 comortio
1090 674 1215 738 animae
1245 676 1408 742 auferret.

232 798 283 864 cf.
298 799 486 887 exemplum
503 797 590 863 illud
606 797 792 884 egregium,
811 795 899 885 quod
912 796 1016 865 attuli
1032 799 1120 887 adp.
1138 803 1213 882 380,
1232 823 1265 865 v.
1281 804 1323 867 25
1341 800 1409 882 (vd.

231 924 323 991 infra
346 947 378 1011 p.
404 921 476 1007 761)
500 920 551 988 At
574 921 674 988 Reiff.
704 920 859 1010 scripsit:
889 942 978 1007 quem
1000 947 1111 986 ramur
1135 938 1163 987 et
1188 926 1409 1012 impartibilem

226 1047 449 1112 'atticotcudma
475 1047 601 1111 obradit
632 1060 665 1111 ot
691 1047 812 1135 iprum
843 1071 862 1109 a
891 1049 1041 1112 consortio
1065 1050 1198 1113 artic-tae.
1230 1048 1327 1132 Quod
1350 1072 1412 1134 ego

233 1172 367 1261 quidem
386 1195 437 1239 mc
459 1194 526 1239 non
547 1170 744 1259 intellegere
766 1172 915 1259 ingenue
938 1172 1108 1239 confiteor.

323 1444 350 1489 u.
371 1426 422 1502 17,
439 1442 471 1511 p.
489 1426 564 1506 325,
581 1446 613 1489 v.
635 1428 727 1489 l:-
739 1423 875 1486 Fcrc‘ttfl
893 1423 978 1503 Qui
989 1423 1203 1488 redundantia
1208 1424 1306 1510 scitia
1319 1448 1414 1487 auru·

198 1570 201 1579 ·
233 1550 355 1635 pinara,
379 1566 505 1614 amara
526 1560 598 1611 aaut
622 1549 736 1611 amaia.

259 1736 261 1739 ,
324 1673 417 1739 Haec
447 1690 526 1739 sane
550 1672 638 1738 omni
662 1693 761 1738 sensu
788 1678 914 1738 carent.
948 1672 1119 1754 Quomodo
1150 1672 1237 1740 enim
1266 1673 1415 1740 homines

236 1796 478 1883 auruginantcs
513 1795 580 1863 dici
614 1803 753 1884 possunt
790 1796 933 1864 amara?
967 1796 1072 1864 Plane
1096 1797 1305 1866 scribendum
1343 1804 1413 1865 est:

237 1957 280 1969 -
292 1922 441 1989 Furiis?
466 1923 585 2005 (Ito),
601 1923 658 2006 qui
671 1958 713 1967 -
727 1922 930 2007 cumpinum,
957 1946 1070 1985 orioro
1092 1936 1164 1986 oct-ut
1179 1925 1293 1989 omuia
1318 1924 1414 1989 Unde

237 2046 323 2111 enim
347 2045 478 2113 omissio
502 2052 579 2113 orta
602 2046 657 2128 sit,
682 2045 799 2133 liquet.

327 2321 354 2364 c.
373 2300 432 2379 24,
457 2318 489 2385 p.
508 2302 589 2377 337,
614 2319 648 2364 v.
668 2300 725 2364 26:
758 2296 891 2383 Agitur
922 2298 962 2363 de
985 2294 1137 2386 opinione
1168 2297 1229 2363 illa
1252 2296 1414 2376 Platonis,

238 2445 304 2510 qua
339 2423 469 2489 animae
506 2444 547 2489 ex
585 2422 694 2490 altera
734 2422 877 2509 quadam
916 2422 990 2488 vita
1032 2422 1067 2487 in
1109 2423 1194 2488 hanc
1237 2422 1416 2489 traductae

239 2547 402 2614 nascendo
438 2546 570 2635 quidem
613 2546 765 2614 idearum
809 2547 1071 2639 obliviscarrtur,
1116 2547 1294 2634 paullatim
1337 2571 1417 2614 vero

240 2694 355 2738 earum
377 2670 606 2739 recordentur.
630 2671 877 2738 Adversarium
893 2672 1130 2738 Academicum
1153 2670 1201 2739 sic
1223 2672 1420 2760 interpellat

241 2796 352 2863 Tert:
400 2797 527 2861 Natura
558 2811 721 2885 compotem
753 2797 891 2861 acimum
918 2796 1010 2882 focio
1040 2798 1185 2862 idea-rum
1214 2798 1345 2861 illorum
1377 2821 1419 2859 ou

241 2923 325 2986 aaa?
349 2921 447 2985 Imrco
464 2936 591 3003 acturo,
616 2922 731 3006 inquis.
755 2922 854 2985 Nemo
877 2946 949 3008 erpo
972 2922 1115 2985 coacedet
1131 2922 1306 2985 uoto-rotem
1323 2922 1418 2984 ocien-

241 3048 318 3110 tiam
333 3044 572 3111 naturalium
586 3047 762 3110 cocidere
777 3048 926 3112 artium.
950 3046 1086 3111 Eucitiet
1100 3047 1285 3130 studiorum,
1300 3046 1420 3109 excidet

243 3171 473 3253 doctrinarum,
508 3169 770 3260 disceptatorum
804 3170 922 3235 excidet
940 3171 1085 3257 fortasse
1107 3186 1134 3236 et
1168 3174 1361 3258 iuqeut'orum
1393 3186 1420 3234 ot

243 3299 416 3383 affectuum.

333 3421 454 3488 Paullo
476 3422 578 3489 aliter
593 3421 849 3509 distinguendus
865 3423 933 3489 erit
947 3424 1049 3488 locus.
1074 3422 1129 3489 Sic
1144 3422 1231 3487 euim
1247 3421 1421 3508 scripserit

245 3551 362 3613 auctor
385 3569 514 3613 neeesse
537 3554 604 3614 est:
641 3587 684 3595 -
718 3546 896 3611 crottuatem
918 3548 1078 3611 seleutiam
1105 3547 1339 3610 naturalium
1367 3570 1421 3609 ecc-

244 3669 379 3735 oidorc.
426 3671 576 3736 Artium
602 3672 767 3755 excidet,
795 3671 1027 3748 stadiorum
1051 3672 1170 3735 excidet
1197 3671 1420 3746 doctrinarum,

246 3796 489 3883 disciplinarum
496 3821 506 3877 ,·
538 3797 656 3861 excidet
677 3796 821 3883 formose
851 3836 905 3861 -.
936 3796 1087 3861 Primum
1111 3795 1214 3876 enim,
1255 3794 1329 3882 quis
1356 3816 1422 3858 non

249 3921 360 3989 videat
372 3922 619 4009 symmetricam
631 3944 700 3988 esse
714 3921 912 3988 sententiam
925 3926 960 3987 et
973 3945 1046 3986 cum
1059 3942 1258 4008 unaquaque
1274 3918 1423 4003 ἀναφορᾷ

247 4050 326 4115 bina
348 4047 511 4115 vocabula
525 4046 705 4113 'coniuncta
729 4068 814 4112 esse:
841 4046 1064 4126 doctrin-orum,
1088 4045 1352 4132 (timipiiuoruum
1375 4044 1422 4105 ia-

247 4175 458 4262 t'uqeaiorum,
490 4172 680 4259 affectuum?
714 4171 809 4257 Ergo
842 4177 875 4236 et
915 4172 1040 4252 ortium,
1072 4170 1255 4233 tardiorum.
1296 4168 1362 4235 Sed
1391 4174 1425 4233 et

247 4299 309 4365 hoo
340 4280 477 4386 piarum
508 4304 575 4376 est,
614 4320 679 4363 non
715 4296 755 4362 de
793 4295 993 4360 uatmuiibua
1031 4296 1152 4358 ortibus
1189 4293 1281 4382 loqui
1320 4293 1423 4372 Tora,

249 4423 305 4491 scd
337 4422 535 4510 simpliciter
572 4422 612 4487 dc
643 4420 851 4488 naturatibus.
892 4419 986 4486 Dicit
1017 4419 1104 4486 enim
1135 4421 1180 4506 (p.
1207 4422 1289 4500 338,
1323 4442 1355 4484 v.
1372 4419 1424 4501 5):
