<?xml version="1.0" encoding="UTF-8"?>
<!DOCTYPE html PUBLIC "-//W3C//DTD XHTML 1.0 Transitional//EN"
    "http://www.w3.org/TR/xhtml1/DTD/xhtml1-transitional.dtd">
<html xmlns="http://www.w3.org/1999/xhtml" xml:lang="en" lang="en">
 <head>
  <title>
</title>
<meta http-equiv="Content-Type" content="text/html;charset=utf-8" />
  <meta name='ocr-system' content='tesseract 3.04.00' />
  <meta name='ocr-capabilities' content='ocr_page ocr_carea ocr_par ocr_line ocrx_word'/>
</head>
<body>
  <div class='ocr_page' id='page_1' title='image "./tertullianea00gompgoog_0055.png"; bbox 0 0 3267 5209; ppageno 0'>
   <div class='ocr_carea' id='block_1_1' title="bbox 1324 384 1365 446">
    <p class='ocr_par' dir='ltr' id='par_1_1' title="bbox 1324 384 1365 446">
     <span class='ocr_line' id='line_1_1' title="bbox 1324 384 1365 446; baseline -0.024 0"><span class='ocrx_word' id='word_1_1' title='bbox 1324 384 1365 446; x_wconf 79' lang='grc' dir='ltr'>4ἷ</span> 
     </span>
    </p>
   </div>
   <div class='ocr_carea' id='block_1_2' title="bbox 190 560 1367 651">
    <p class='ocr_par' dir='ltr' id='par_1_2' title="bbox 190 560 1367 651">
     <span class='ocr_line' id='line_1_2' title="bbox 190 560 1367 651; baseline -0.001 -28"><span class='ocrx_word' id='word_1_2' title='bbox 190 562 384 648; x_wconf 61' lang='lat' dir='ltr'>respondere]</span> <span class='ocrx_word' id='word_1_3' title='bbox 403 586 482 647; x_wconf 78' lang='lat' dir='ltr'>poue</span> <span class='ocrx_word' id='word_1_4' title='bbox 493 564 715 651; x_wconf 73' lang='lat' dir='ltr'>provacantur,</span> <span class='ocrx_word' id='word_1_5' title='bbox 738 561 775 625; x_wconf 80' lang='lat' dir='ltr'>id</span> <span class='ocrx_word' id='word_1_6' title='bbox 798 576 842 626; x_wconf 77' lang='lat' dir='ltr'>est</span> <span class='ocrx_word' id='word_1_7' title='bbox 864 560 909 623; x_wconf 82' lang='lat' dir='ltr'>ad</span> <span class='ocrx_word' id='word_1_8' title='bbox 931 586 969 624; x_wconf 82' lang='lat' dir='ltr'>ea</span> <span class='ocrx_word' id='word_1_9' title='bbox 992 585 1071 646; x_wconf 82' lang='lat' dir='ltr'>quoe</span> <span class='ocrx_word' id='word_1_10' title='bbox 1085 575 1267 650; x_wconf 53' lang='lat' dir='ltr'>monacum.</span> <span class='ocrx_word' id='word_1_11' title='bbox 1291 560 1367 623; x_wconf 76' lang='lat' dir='ltr'>Pra-</span> 
     </span>
    </p>
   </div>
   <div class='ocr_carea' id='block_1_3' title="bbox 189 687 1423 4527">
    <p class='ocr_par' dir='ltr' id='par_1_3' title="bbox 189 687 1371 1397">
     <span class='ocr_line' id='line_1_3' title="bbox 189 687 1370 775; baseline -0.002 -25"><span class='ocrx_word' id='word_1_12' title='bbox 189 688 332 767; x_wconf 73' lang='lat' dir='ltr'>vacabat,</span> <span class='ocrx_word' id='word_1_13' title='bbox 364 703 398 751; x_wconf 80' lang='lat' dir='ltr'>ut</span> <span class='ocrx_word' id='word_1_14' title='bbox 432 691 557 775; x_wconf 71' lang='lat' dir='ltr'>opiacr·‚</span> <span class='ocrx_word' id='word_1_15' title='bbox 595 687 678 772; x_wconf 80' lang='lat' dir='ltr'>quad</span> <span class='ocrx_word' id='word_1_16' title='bbox 706 688 878 751; x_wconf 70' lang='lat' dir='ltr'><em>Pharisaei</em></span> <span class='ocrx_word' id='word_1_17' title='bbox 910 687 1095 774; x_wconf 79' lang='lat' dir='ltr'>publicanos</span> <span class='ocrx_word' id='word_1_18' title='bbox 1134 702 1162 750; x_wconf 77' lang='lat' dir='ltr'>et</span> <span class='ocrx_word' id='word_1_19' title='bbox 1189 701 1370 772; x_wconf 80' lang='lat' dir='ltr'>peccatore-s</span> 
     </span>
     <span class='ocr_line' id='line_1_4' title="bbox 192 811 1368 881; baseline -0.006 -2"><span class='ocrx_word' id='word_1_20' title='bbox 192 816 327 881; x_wconf 77' lang='lat' dir='ltr'>ethnicos</span> <span class='ocrx_word' id='word_1_21' title='bbox 360 816 567 879; x_wconf 77' lang='lat' dir='ltr'>adanr&#39;ttentcnc</span> <span class='ocrx_word' id='word_1_22' title='bbox 598 814 755 877; x_wconf 74' lang='lat' dir='ltr'>danninum</span> <span class='ocrx_word' id='word_1_23' title='bbox 785 829 813 877; x_wconf 81' lang='lat' dir='ltr'>ct</span> <span class='ocrx_word' id='word_1_24' title='bbox 842 838 910 877; x_wconf 83' lang='lat' dir='ltr'>canc</span> <span class='ocrx_word' id='word_1_25' title='bbox 940 812 1009 877; x_wconf 73' lang='lat' dir='ltr'>illic</span> <span class='ocrx_word' id='word_1_26' title='bbox 1038 811 1077 875; x_wconf 81' lang='lat' dir='ltr'>de</span> <span class='ocrx_word' id='word_1_27' title='bbox 1099 813 1179 875; x_wconf 77' lang='lat' dir='ltr'>uicta</span> <span class='ocrx_word' id='word_1_28' title='bbox 1202 811 1368 873; x_wconf 76' lang='lat' dir='ltr'>caramani-</span> 
     </span>
     <span class='ocr_line' id='line_1_5' title="bbox 193 934 1368 1025; baseline -0.005 -20"><span class='ocrx_word' id='word_1_29' title='bbox 193 954 312 1023; x_wconf 77' lang='lat' dir='ltr'>cantent</span> <span class='ocrx_word' id='word_1_30' title='bbox 324 939 486 1025; x_wconf 64' lang='lat' dir='ltr'>rizcbpuati</span> <span class='ocrx_word' id='word_1_31' title='bbox 495 938 709 1001; x_wconf 70' lang='lat' dir='ltr'>mussitabant.</span> <span class='ocrx_word' id='word_1_32' title='bbox 726 936 780 999; x_wconf 81' lang='lat' dir='ltr'>Ad</span> <span class='ocrx_word' id='word_1_33' title='bbox 792 938 848 999; x_wconf 83' lang='lat' dir='ltr'>boc</span> <span class='ocrx_word' id='word_1_34' title='bbox 859 936 1032 1001; x_wconf 73' lang='lat' dir='ltr'>ductuum</span> <span class='ocrx_word' id='word_1_35' title='bbox 1043 934 1221 1023; x_wconf 77' lang='lat' dir='ltr'>[danninum</span> <span class='ocrx_word' id='word_1_36' title='bbox 1232 934 1368 1022; x_wconf 83' lang='lat' dir='ltr'>seripsi;</span> 
     </span>
     <span class='ocr_line' id='line_1_6' title="bbox 197 1061 1370 1149; baseline -0.005 -21"><span class='ocrx_word' id='word_1_37' title='bbox 197 1066 336 1129; x_wconf 67' lang='lat' dir='ltr'>decurtans</span> <span class='ocrx_word' id='word_1_38' title='bbox 371 1062 467 1148; x_wconf 80' lang='lat' dir='ltr'>libri]</span> <span class='ocrx_word' id='word_1_39' title='bbox 484 1063 618 1149; x_wconf 69' lang='lat' dir='ltr'>pecuariis</span> <span class='ocrx_word' id='word_1_40' title='bbox 647 1062 795 1149; x_wconf 77' lang='lat' dir='ltr'>perditae</span> <span class='ocrx_word' id='word_1_41' title='bbox 828 1063 1049 1126; x_wconf 63' lang='lat' dir='ltr'>caricationem</span> <span class='ocrx_word' id='word_1_42' title='bbox 1087 1063 1150 1124; x_wconf 77' lang='lat' dir='ltr'>cui</span> <span class='ocrx_word' id='word_1_43' title='bbox 1182 1061 1258 1124; x_wconf 78' lang='lat' dir='ltr'>alii</span> <span class='ocrx_word' id='word_1_44' title='bbox 1289 1084 1370 1123; x_wconf 87' lang='lat' dir='ltr'>con-</span> 
     </span>
     <span class='ocr_line' id='line_1_7' title="bbox 189 1181 1371 1276; baseline -0.004 -23"><span class='ocrx_word' id='word_1_45' title='bbox 189 1181 390 1276; x_wconf 67' lang='lat' dir='ltr'>separasse-</span> <span class='ocrx_word' id='word_1_46' title='bbox 420 1188 644 1251; x_wconf 79' lang='lat' dir='ltr'>credendam</span> <span class='ocrx_word' id='word_1_47' title='bbox 667 1202 720 1251; x_wconf 80' lang='lat' dir='ltr'>ast</span> <span class='ocrx_word' id='word_1_48' title='bbox 743 1212 837 1272; x_wconf 81' lang='lat' dir='ltr'>quam</span> <span class='ocrx_word' id='word_1_49' title='bbox 861 1188 978 1251; x_wconf 76' lang='lat' dir='ltr'>ethnico</span> <span class='ocrx_word' id='word_1_50' title='bbox 994 1187 1133 1275; x_wconf 50' lang='lat' dir='ltr'>perdia)</span> <span class='ocrx_word' id='word_1_51' title='bbox 1158 1186 1197 1249; x_wconf 82' lang='lat' dir='ltr'>dc</span> <span class='ocrx_word' id='word_1_52' title='bbox 1220 1210 1279 1270; x_wconf 80' lang='lat' dir='ltr'>qua</span> <span class='ocrx_word' id='word_1_53' title='bbox 1302 1209 1371 1271; x_wconf 73' lang='lat' dir='ltr'>apc-</span> 
     </span>
     <span class='ocr_line' id='line_1_8' title="bbox 193 1306 1014 1397; baseline 0 -22"><span class='ocrx_word' id='word_1_54' title='bbox 193 1306 295 1395; x_wconf 78' lang='lat' dir='ltr'>botur,</span> <span class='ocrx_word' id='word_1_55' title='bbox 320 1338 381 1377; x_wconf 74' lang='lat' dir='ltr'>noro</span> <span class='ocrx_word' id='word_1_56' title='bbox 404 1312 473 1397; x_wconf 88' lang='lat' dir='ltr'>[de]</span> <span class='ocrx_word' id='word_1_57' title='bbox 497 1312 676 1394; x_wconf 68' lang='lat' dir='ltr'>albiniana,</span> <span class='ocrx_word' id='word_1_58' title='bbox 701 1312 758 1397; x_wconf 81' lang='lat' dir='ltr'>qui</span> <span class='ocrx_word' id='word_1_59' title='bbox 779 1312 881 1377; x_wconf 78' lang='lat' dir='ltr'>adbuc</span> <span class='ocrx_word' id='word_1_60' title='bbox 904 1314 1014 1376; x_wconf 75' lang='lat' dir='ltr'>nano?</span> 
     </span>
    </p>

    <p class='ocr_par' dir='ltr' id='par_1_4' title="bbox 192 1436 1423 4272">
     <span class='ocr_line' id='line_1_9' title="bbox 283 1436 1372 1527; baseline -0.004 -23"><span class='ocrx_word' id='word_1_61' title='bbox 283 1440 340 1505; x_wconf 89' lang='lat' dir='ltr'>Ita</span> <span class='ocrx_word' id='word_1_62' title='bbox 354 1439 390 1519; x_wconf 81' lang='lat' dir='ltr'>O,</span> <span class='ocrx_word' id='word_1_63' title='bbox 416 1462 514 1526; x_wconf 90' lang='lat' dir='ltr'>quem</span> <span class='ocrx_word' id='word_1_64' title='bbox 530 1438 751 1525; x_wconf 87' lang='lat' dir='ltr'>Agebardiuo</span> <span class='ocrx_word' id='word_1_65' title='bbox 774 1462 890 1527; x_wconf 86' lang='lat' dir='ltr'>parem</span> <span class='ocrx_word' id='word_1_66' title='bbox 913 1440 987 1506; x_wconf 82' lang='lat' dir='ltr'>fere</span> <span class='ocrx_word' id='word_1_67' title='bbox 1012 1460 1083 1506; x_wconf 88' lang='lat' dir='ltr'>esse</span> <span class='ocrx_word' id='word_1_68' title='bbox 1106 1438 1173 1503; x_wconf 87' lang='lat' dir='ltr'>iam</span> <span class='ocrx_word' id='word_1_69' title='bbox 1191 1459 1295 1524; x_wconf 89' lang='lat' dir='ltr'>supra</span> <span class='ocrx_word' id='word_1_70' title='bbox 1318 1436 1372 1501; x_wconf 89' lang='lat' dir='ltr'>de-</span> 
     </span>
     <span class='ocr_line' id='line_1_10' title="bbox 192 1555 1372 1649; baseline -0.002 -24"><span class='ocrx_word' id='word_1_71' title='bbox 192 1559 462 1628; x_wconf 84' lang='lat' dir='ltr'>monstravimus.</span> <span class='ocrx_word' id='word_1_72' title='bbox 487 1562 528 1625; x_wconf 88' lang='lat' dir='ltr'>ln</span> <span class='ocrx_word' id='word_1_73' title='bbox 550 1561 604 1626; x_wconf 89' lang='lat' dir='ltr'>his</span> <span class='ocrx_word' id='word_1_74' title='bbox 627 1584 709 1627; x_wconf 90' lang='lat' dir='ltr'>vero</span> <span class='ocrx_word' id='word_1_75' title='bbox 732 1560 842 1645; x_wconf 90' lang='lat' dir='ltr'>libris,</span> <span class='ocrx_word' id='word_1_76' title='bbox 867 1562 926 1627; x_wconf 92' lang='lat' dir='ltr'>ubi</span> <span class='ocrx_word' id='word_1_77' title='bbox 948 1562 982 1627; x_wconf 83' lang='lat' dir='ltr'>A</span> <span class='ocrx_word' id='word_1_78' title='bbox 1006 1555 1119 1628; x_wconf 88' lang='lat' dir='ltr'>deficit</span> <span class='ocrx_word' id='word_1_79' title='bbox 1141 1562 1194 1646; x_wconf 86' lang='lat' dir='ltr'>(de</span> <span class='ocrx_word' id='word_1_80' title='bbox 1210 1560 1372 1649; x_wconf 74' lang='lat' dir='ltr'><em>pudicitia</em></span> 
     </span>
     <span class='ocr_line' id='line_1_11' title="bbox 194 1684 1373 1771; baseline 0.001 -22"><span class='ocrx_word' id='word_1_81' title='bbox 194 1685 265 1751; x_wconf 90' lang='lat' dir='ltr'>soil.</span> <span class='ocrx_word' id='word_1_82' title='bbox 289 1690 323 1751; x_wconf 92' lang='lat' dir='ltr'>et</span> <span class='ocrx_word' id='word_1_83' title='bbox 351 1686 390 1749; x_wconf 82' lang='lat' dir='ltr'>de</span> <span class='ocrx_word' id='word_1_84' title='bbox 412 1685 556 1768; x_wconf 78' lang='lat' dir='ltr'>ieiunia),</span> <span class='ocrx_word' id='word_1_85' title='bbox 587 1684 688 1771; x_wconf 88' lang='lat' dir='ltr'>plane</span> <span class='ocrx_word' id='word_1_86' title='bbox 720 1684 859 1771; x_wconf 81' lang='lat' dir='ltr'><strong>plurimi</strong></span> <span class='ocrx_word' id='word_1_87' title='bbox 893 1684 1067 1750; x_wconf 82' lang='lat' dir='ltr'>faciendus</span> <span class='ocrx_word' id='word_1_88' title='bbox 1099 1696 1159 1751; x_wconf 85' lang='lat' dir='ltr'>est.</span> <span class='ocrx_word' id='word_1_89' title='bbox 1193 1684 1301 1766; x_wconf 77' lang='lat' dir='ltr'>Quam</span> <span class='ocrx_word' id='word_1_90' title='bbox 1332 1685 1373 1750; x_wconf 91' lang='lat' dir='ltr'>ob</span> 
     </span>
     <span class='ocr_line' id='line_1_12' title="bbox 194 1808 1374 1899; baseline -0.002 -24"><span class='ocrx_word' id='word_1_91' title='bbox 194 1832 266 1875; x_wconf 88' lang='lat' dir='ltr'>rem</span> <span class='ocrx_word' id='word_1_92' title='bbox 289 1809 410 1877; x_wconf 92' lang='lat' dir='ltr'>merito</span> <span class='ocrx_word' id='word_1_93' title='bbox 435 1832 509 1875; x_wconf 91' lang='lat' dir='ltr'>eum</span> <span class='ocrx_word' id='word_1_94' title='bbox 533 1810 634 1876; x_wconf 86' lang='lat' dir='ltr'>Reiff.</span> <span class='ocrx_word' id='word_1_95' title='bbox 652 1809 807 1896; x_wconf 84' lang='lat' dir='ltr'><strong>plurimis</strong></span> <span class='ocrx_word' id='word_1_96' title='bbox 830 1809 912 1875; x_wconf 88' lang='lat' dir='ltr'>locis</span> <span class='ocrx_word' id='word_1_97' title='bbox 934 1809 1092 1895; x_wconf 81' lang='lat' dir='ltr'>Gangnei</span> <span class='ocrx_word' id='word_1_98' title='bbox 1115 1818 1216 1899; x_wconf 86' lang='lat' dir='ltr'>utque</span> <span class='ocrx_word' id='word_1_99' title='bbox 1240 1808 1374 1876; x_wconf 81' lang='lat' dir='ltr'>Gelenii</span> 
     </span>
     <span class='ocr_line' id='line_1_13' title="bbox 194 1934 1373 2021; baseline 0 -19"><span class='ocrx_word' id='word_1_100' title='bbox 194 1934 398 2021; x_wconf 86' lang='lat' dir='ltr'>corruptelis</span> <span class='ocrx_word' id='word_1_101' title='bbox 422 1934 666 2001; x_wconf 89' lang='lat' dir='ltr'>coniecturisve</span> <span class='ocrx_word' id='word_1_102' title='bbox 691 1934 866 2021; x_wconf 89' lang='lat' dir='ltr'>praetulit.</span> <span class='ocrx_word' id='word_1_103' title='bbox 890 1973 935 1982; x_wconf 93' lang='lat'>-</span> <span class='ocrx_word' id='word_1_104' title='bbox 958 1936 1031 2000; x_wconf 91' lang='lat' dir='ltr'>Hoc</span> <span class='ocrx_word' id='word_1_105' title='bbox 1054 1942 1166 2001; x_wconf 90' lang='lat' dir='ltr'>autem</span> <span class='ocrx_word' id='word_1_106' title='bbox 1195 1935 1265 2002; x_wconf 92' lang='lat' dir='ltr'>loco</span> <span class='ocrx_word' id='word_1_107' title='bbox 1286 1936 1373 2002; x_wconf 83' lang='lat' dir='ltr'>neB</span> 
     </span>
     <span class='ocr_line' id='line_1_14' title="bbox 195 2059 1372 2148; baseline -0.003 -23"><span class='ocrx_word' id='word_1_108' title='bbox 195 2061 327 2148; x_wconf 85' lang='lat' dir='ltr'>quidem</span> <span class='ocrx_word' id='word_1_109' title='bbox 352 2059 479 2141; x_wconf 77' lang='lat' dir='ltr'>suadet,</span> <span class='ocrx_word' id='word_1_110' title='bbox 506 2066 544 2125; x_wconf 91' lang='lat' dir='ltr'>ut</span> <span class='ocrx_word' id='word_1_111' title='bbox 561 2060 690 2148; x_wconf 87' lang='lat' dir='ltr'>aliquid</span> <span class='ocrx_word' id='word_1_112' title='bbox 713 2068 894 2144; x_wconf 78' lang='lat' dir='ltr'>mutemus3</span> <span class='ocrx_word' id='word_1_113' title='bbox 919 2060 956 2125; x_wconf 91' lang='lat' dir='ltr'>in</span> <span class='ocrx_word' id='word_1_114' title='bbox 972 2083 1036 2147; x_wconf 90' lang='lat' dir='ltr'>quo</span> <span class='ocrx_word' id='word_1_115' title='bbox 1059 2060 1130 2127; x_wconf 87' lang='lat' dir='ltr'>scil.</span> <span class='ocrx_word' id='word_1_116' title='bbox 1148 2068 1272 2127; x_wconf 84' lang='lat' dir='ltr'>exstat:</span> <span class='ocrx_word' id='word_1_117' title='bbox 1297 2083 1372 2123; x_wconf 74' lang='lat' dir='ltr'>caan</span> 
     </span>
     <span class='ocr_line' id='line_1_15' title="bbox 196 2185 1372 2275; baseline 0.003 -28"><span class='ocrx_word' id='word_1_118' title='bbox 196 2185 259 2247; x_wconf 77' lang='lat' dir='ltr'>alii</span> <span class='ocrx_word' id='word_1_119' title='bbox 286 2186 522 2271; x_wconf 66' lang='lat' dir='ltr'>consignasset</span> <span class='ocrx_word' id='word_1_120' title='bbox 552 2186 783 2251; x_wconf 74' lang='lat' dir='ltr'>reddenda-nn</span> <span class='ocrx_word' id='word_1_121' title='bbox 815 2202 867 2269; x_wconf 79' lang='lat' dir='ltr'>est,</span> <span class='ocrx_word' id='word_1_122' title='bbox 900 2209 985 2275; x_wconf 88' lang='lat' dir='ltr'>quae</span> <span class='ocrx_word' id='word_1_123' title='bbox 1016 2188 1122 2252; x_wconf 90' lang='lat' dir='ltr'>verba</span> <span class='ocrx_word' id='word_1_124' title='bbox 1145 2186 1227 2273; x_wconf 90' lang='lat' dir='ltr'>quin</span> <span class='ocrx_word' id='word_1_125' title='bbox 1251 2208 1293 2251; x_wconf 85' lang='lat' dir='ltr'>ex</span> <span class='ocrx_word' id='word_1_126' title='bbox 1315 2186 1372 2267; x_wconf 69' lang='lat' dir='ltr'>eis</span> 
     </span>
     <span class='ocr_line' id='line_1_16' title="bbox 195 2309 1374 2399; baseline 0 -24"><span class='ocrx_word' id='word_1_127' title='bbox 195 2334 280 2398; x_wconf 91' lang='lat' dir='ltr'>quae</span> <span class='ocrx_word' id='word_1_128' title='bbox 304 2310 331 2376; x_wconf 80' lang='grc' dir='ltr'>Ο</span> <span class='ocrx_word' id='word_1_129' title='bbox 354 2312 526 2397; x_wconf 83' lang='lat' dir='ltr'>praebeat,</span> <span class='ocrx_word' id='word_1_130' title='bbox 552 2318 712 2399; x_wconf 88' lang='lat' dir='ltr'>corrupta</span> <span class='ocrx_word' id='word_1_131' title='bbox 735 2311 812 2393; x_wconf 88' lang='lat' dir='ltr'>sint,</span> <span class='ocrx_word' id='word_1_132' title='bbox 839 2310 990 2377; x_wconf 89' lang='lat' dir='ltr'>dubitari</span> <span class='ocrx_word' id='word_1_133' title='bbox 1013 2310 1073 2376; x_wconf 84' lang='lat' dir='ltr'>vix</span> <span class='ocrx_word' id='word_1_134' title='bbox 1097 2317 1218 2397; x_wconf 88' lang='lat' dir='ltr'>potest.</span> <span class='ocrx_word' id='word_1_135' title='bbox 1243 2309 1374 2377; x_wconf 89' lang='lat' dir='ltr'>Verum</span> 
     </span>
     <span class='ocr_line' id='line_1_17' title="bbox 195 2436 1423 2528; baseline 0.002 -27"><span class='ocrx_word' id='word_1_136' title='bbox 195 2436 232 2501; x_wconf 84' lang='lat' dir='ltr'>id</span> <span class='ocrx_word' id='word_1_137' title='bbox 255 2458 384 2523; x_wconf 91' lang='lat' dir='ltr'>quoque</span> <span class='ocrx_word' id='word_1_138' title='bbox 408 2436 485 2501; x_wconf 87' lang='lat' dir='ltr'>erui</span> <span class='ocrx_word' id='word_1_139' title='bbox 507 2444 633 2525; x_wconf 86' lang='lat' dir='ltr'>potest,</span> <span class='ocrx_word' id='word_1_140' title='bbox 658 2445 739 2505; x_wconf 88' lang='lat' dir='ltr'>utra</span> <span class='ocrx_word' id='word_1_141' title='bbox 763 2438 957 2526; x_wconf 77' lang='lat' dir='ltr'>corruptela</span> <span class='ocrx_word' id='word_1_142' title='bbox 979 2438 1047 2528; x_wconf 89' lang='lat' dir='ltr'>ipsi</span> <span class='ocrx_word' id='word_1_143' title='bbox 1069 2436 1260 2522; x_wconf 83' lang='lat' dir='ltr'>Gangneio‚</span> <span class='ocrx_word' id='word_1_144' title='bbox 1294 2443 1375 2503; x_wconf 87' lang='lat' dir='ltr'>utra</span> <span class='ocrx_word' id='word_1_145' title='bbox 1420 2483 1423 2488; x_wconf 91' lang='lat'><em>-</em></span> 
     </span>
     <span class='ocr_line' id='line_1_18' title="bbox 198 2560 1375 2650; baseline 0 -25"><span class='ocrx_word' id='word_1_146' title='bbox 198 2560 302 2627; x_wconf 83' lang='lat' dir='ltr'>codici</span> <span class='ocrx_word' id='word_1_147' title='bbox 337 2562 408 2627; x_wconf 90' lang='lat' dir='ltr'>eius</span> <span class='ocrx_word' id='word_1_148' title='bbox 443 2563 616 2629; x_wconf 86' lang='lat' dir='ltr'>debeatur.</span> <span class='ocrx_word' id='word_1_149' title='bbox 657 2560 819 2629; x_wconf 75' lang='lat' dir='ltr'>Gelenius</span> <span class='ocrx_word' id='word_1_150' title='bbox 850 2563 952 2645; x_wconf 90' lang='lat' dir='ltr'>enim,</span> <span class='ocrx_word' id='word_1_151' title='bbox 988 2586 1085 2650; x_wconf 88' lang='lat' dir='ltr'>quem</span> <span class='ocrx_word' id='word_1_152' title='bbox 1121 2562 1156 2627; x_wconf 92' lang='lat' dir='ltr'>in</span> <span class='ocrx_word' id='word_1_153' title='bbox 1191 2562 1244 2627; x_wconf 88' lang='lat' dir='ltr'>his</span> <span class='ocrx_word' id='word_1_154' title='bbox 1277 2560 1375 2627; x_wconf 88' lang='lat' dir='ltr'>libris</span> 
     </span>
     <span class='ocr_line' id='line_1_19' title="bbox 199 2685 1375 2776; baseline 0 -25"><span class='ocrx_word' id='word_1_155' title='bbox 199 2685 335 2751; x_wconf 82' lang='lat' dir='ltr'>edendis</span> <span class='ocrx_word' id='word_1_156' title='bbox 351 2685 536 2753; x_wconf 81' lang='lat' dir='ltr'>innumeris</span> <span class='ocrx_word' id='word_1_157' title='bbox 561 2688 633 2753; x_wconf 85' lang='lat' dir='ltr'>fere</span> <span class='ocrx_word' id='word_1_158' title='bbox 656 2687 900 2754; x_wconf 71' lang='lat' dir='ltr'>mutationibus</span> <span class='ocrx_word' id='word_1_159' title='bbox 916 2689 1048 2776; x_wconf 91' lang='lat' dir='ltr'>lapsum</span> <span class='ocrx_word' id='word_1_160' title='bbox 1064 2711 1135 2753; x_wconf 89' lang='lat' dir='ltr'>esse</span> <span class='ocrx_word' id='word_1_161' title='bbox 1159 2686 1299 2773; x_wconf 85' lang='lat' dir='ltr'>egregie</span> <span class='ocrx_word' id='word_1_162' title='bbox 1323 2687 1375 2752; x_wconf 90' lang='lat' dir='ltr'>de-</span> 
     </span>
     <span class='ocr_line' id='line_1_20' title="bbox 198 2811 1376 2902; baseline 0 -26"><span class='ocrx_word' id='word_1_163' title='bbox 198 2811 401 2878; x_wconf 83' lang='lat' dir='ltr'>monstravit</span> <span class='ocrx_word' id='word_1_164' title='bbox 424 2813 577 2899; x_wconf 69' lang='lat' dir='ltr'>Kroyu,</span> <span class='ocrx_word' id='word_1_165' title='bbox 603 2812 685 2878; x_wconf 86' lang='lat' dir='ltr'>haec</span> <span class='ocrx_word' id='word_1_166' title='bbox 707 2812 742 2877; x_wconf 89' lang='lat' dir='ltr'>in</span> <span class='ocrx_word' id='word_1_167' title='bbox 767 2813 878 2879; x_wconf 89' lang='lat' dir='ltr'>codiee</span> <span class='ocrx_word' id='word_1_168' title='bbox 901 2837 960 2878; x_wconf 93' lang='lat' dir='ltr'>suo</span> <span class='ocrx_word' id='word_1_169' title='bbox 989 2815 1101 2902; x_wconf 91' lang='lat' dir='ltr'>(quem</span> <span class='ocrx_word' id='word_1_170' title='bbox 1125 2836 1198 2878; x_wconf 92' lang='lat' dir='ltr'>cum</span> <span class='ocrx_word' id='word_1_171' title='bbox 1222 2812 1376 2898; x_wconf 86' lang='lat' dir='ltr'>Gangnei</span> 
     </span>
     <span class='ocr_line' id='line_1_21' title="bbox 200 2936 1380 3025; baseline 0 -23"><span class='ocrx_word' id='word_1_172' title='bbox 200 2937 309 3003; x_wconf 86' lang='lat' dir='ltr'>codiee</span> <span class='ocrx_word' id='word_1_173' title='bbox 333 2936 520 3004; x_wconf 79' lang='lat' dir='ltr'>arctissime</span> <span class='ocrx_word' id='word_1_174' title='bbox 545 2937 725 3003; x_wconf 83' lang='lat' dir='ltr'>cohaerere</span> <span class='ocrx_word' id='word_1_175' title='bbox 750 2939 895 3022; x_wconf 86' lang='lat' dir='ltr'>constat)</span> <span class='ocrx_word' id='word_1_176' title='bbox 918 2939 1045 3025; x_wconf 88' lang='lat' dir='ltr'>legerit</span> <span class='ocrx_word' id='word_1_177' title='bbox 1067 2962 1199 3005; x_wconf 89' lang='lat' dir='ltr'>neeesse</span> <span class='ocrx_word' id='word_1_178' title='bbox 1224 2946 1291 3005; x_wconf 90' lang='lat' dir='ltr'>est:</span> <span class='ocrx_word' id='word_1_179' title='bbox 1316 2940 1380 3003; x_wconf 76' lang='lat' dir='ltr'>cai</span> 
     </span>
     <span class='ocr_line' id='line_1_22' title="bbox 199 3060 1376 3151; baseline -0.001 -24"><span class='ocrx_word' id='word_1_180' title='bbox 199 3064 262 3127; x_wconf 79' lang='lat' dir='ltr'>ala·</span> <span class='ocrx_word' id='word_1_181' title='bbox 278 3066 513 3151; x_wconf 55' lang='lat' dir='ltr'>configurasse&amp;</span> <span class='ocrx_word' id='word_1_182' title='bbox 528 3061 759 3125; x_wconf 76' lang='lat' dir='ltr'>reddendam</span> <span class='ocrx_word' id='word_1_183' title='bbox 776 3074 827 3125; x_wconf 81' lang='lat' dir='ltr'>ast.</span> <span class='ocrx_word' id='word_1_184' title='bbox 846 3100 891 3108; x_wconf 91' lang='lat'><strong>—</strong></span> <span class='ocrx_word' id='word_1_185' title='bbox 902 3060 1048 3149; x_wconf 78' lang='lat' dir='ltr'>Utrique</span> <span class='ocrx_word' id='word_1_186' title='bbox 1060 3069 1173 3128; x_wconf 86' lang='lat' dir='ltr'>autem</span> <span class='ocrx_word' id='word_1_187' title='bbox 1189 3061 1265 3128; x_wconf 85' lang='lat' dir='ltr'>viro</span> <span class='ocrx_word' id='word_1_188' title='bbox 1281 3062 1376 3127; x_wconf 85' lang='lat' dir='ltr'>deeto</span> 
     </span>
     <span class='ocr_line' id='line_1_23' title="bbox 199 3186 1375 3274; baseline -0.005 -19"><span class='ocrx_word' id='word_1_189' title='bbox 199 3192 341 3256; x_wconf 88' lang='lat' dir='ltr'>verbum</span> <span class='ocrx_word' id='word_1_190' title='bbox 383 3186 555 3274; x_wconf 87' lang='lat' dir='ltr'>figurandi</span> <span class='ocrx_word' id='word_1_191' title='bbox 596 3212 663 3251; x_wconf 78' lang='lat' dir='ltr'>canc</span> <span class='ocrx_word' id='word_1_192' title='bbox 707 3186 911 3274; x_wconf 86' lang='lat' dir='ltr'>particulam</span> <span class='ocrx_word' id='word_1_193' title='bbox 958 3187 1149 3254; x_wconf 84' lang='lat' dir='ltr'>desiderare</span> <span class='ocrx_word' id='word_1_194' title='bbox 1185 3186 1375 3265; x_wconf 84' lang='lat' dir='ltr'>videbatur,</span> 
     </span>
     <span class='ocr_line' id='line_1_24' title="bbox 201 3311 1377 3402; baseline -0.002 -23"><span class='ocrx_word' id='word_1_195' title='bbox 201 3336 300 3402; x_wconf 91' lang='lat' dir='ltr'>quam</span> <span class='ocrx_word' id='word_1_196' title='bbox 324 3314 457 3400; x_wconf 82' lang='lat' dir='ltr'>Ganga.</span> <span class='ocrx_word' id='word_1_197' title='bbox 495 3313 627 3402; x_wconf 89' lang='lat' dir='ltr'>quidem</span> <span class='ocrx_word' id='word_1_198' title='bbox 658 3335 699 3378; x_wconf 89' lang='lat' dir='ltr'>ex</span> <span class='ocrx_word' id='word_1_199' title='bbox 734 3314 787 3376; x_wconf 82' lang='lat' dir='ltr'>cui</span> <span class='ocrx_word' id='word_1_200' title='bbox 812 3311 1032 3394; x_wconf 78' lang='lat' dir='ltr'>restituebat,</span> <span class='ocrx_word' id='word_1_201' title='bbox 1069 3312 1231 3379; x_wconf 85' lang='lat' dir='ltr'>Gelenius</span> <span class='ocrx_word' id='word_1_202' title='bbox 1265 3320 1377 3379; x_wconf 89' lang='lat' dir='ltr'>autem</span> 
     </span>
     <span class='ocr_line' id='line_1_25' title="bbox 199 3437 1376 3527; baseline -0.003 -22"><span class='ocrx_word' id='word_1_203' title='bbox 199 3462 241 3505; x_wconf 82' lang='lat' dir='ltr'>ex</span> <span class='ocrx_word' id='word_1_204' title='bbox 271 3465 336 3522; x_wconf 78' lang='lat' dir='ltr'>con,</span> <span class='ocrx_word' id='word_1_205' title='bbox 360 3438 483 3527; x_wconf 90' lang='lat' dir='ltr'>quippe</span> <span class='ocrx_word' id='word_1_206' title='bbox 500 3438 558 3525; x_wconf 92' lang='lat' dir='ltr'>qui</span> <span class='ocrx_word' id='word_1_207' title='bbox 574 3438 732 3504; x_wconf 82' lang='lat' dir='ltr'>membris</span> <span class='ocrx_word' id='word_1_208' title='bbox 758 3437 945 3505; x_wconf 88' lang='lat' dir='ltr'>sententiae</span> <span class='ocrx_word' id='word_1_209' title='bbox 965 3439 1182 3525; x_wconf 86' lang='lat' dir='ltr'>transpositis</span> <span class='ocrx_word' id='word_1_210' title='bbox 1198 3439 1376 3505; x_wconf 76' lang='lat' dir='ltr'>scriberet:</span> 
     </span>
     <span class='ocr_line' id='line_1_26' title="bbox 197 3564 1378 3651; baseline 0.002 -22"><span class='ocrx_word' id='word_1_211' title='bbox 197 3577 279 3629; x_wconf 72' lang='lat' dir='ltr'>eum</span> <span class='ocrx_word' id='word_1_212' title='bbox 301 3567 502 3651; x_wconf 64' lang='lat' dir='ltr'>pignerarent,</span> <span class='ocrx_word' id='word_1_213' title='bbox 534 3566 597 3629; x_wconf 78' lang='lat' dir='ltr'>cui</span> <span class='ocrx_word' id='word_1_214' title='bbox 622 3564 685 3628; x_wconf 77' lang='lat' dir='ltr'>atii</span> <span class='ocrx_word' id='word_1_215' title='bbox 704 3564 935 3629; x_wconf 78' lang='lat' dir='ltr'>reddendum</span> <span class='ocrx_word' id='word_1_216' title='bbox 964 3578 1016 3629; x_wconf 80' lang='lat' dir='ltr'>est.</span> <span class='ocrx_word' id='word_1_217' title='bbox 1041 3604 1085 3611; x_wconf 92' lang='lat'><strong>—</strong></span> <span class='ocrx_word' id='word_1_218' title='bbox 1107 3564 1186 3647; x_wconf 72' lang='lat' dir='ltr'>Qua</span> <span class='ocrx_word' id='word_1_219' title='bbox 1208 3587 1246 3631; x_wconf 83' lang='lat' dir='ltr'>re</span> <span class='ocrx_word' id='word_1_220' title='bbox 1269 3565 1305 3629; x_wconf 89' lang='lat' dir='ltr'>in</span> <span class='ocrx_word' id='word_1_221' title='bbox 1328 3588 1378 3631; x_wconf 86' lang='lat' dir='ltr'>er·</span> 
     </span>
     <span class='ocr_line' id='line_1_27' title="bbox 201 3689 1378 3777; baseline 0.002 -24"><span class='ocrx_word' id='word_1_222' title='bbox 201 3710 313 3755; x_wconf 88' lang='lat' dir='ltr'>rorem</span> <span class='ocrx_word' id='word_1_223' title='bbox 337 3689 494 3755; x_wconf 87' lang='lat' dir='ltr'>inductus</span> <span class='ocrx_word' id='word_1_224' title='bbox 520 3695 571 3755; x_wconf 91' lang='lat' dir='ltr'>est</span> <span class='ocrx_word' id='word_1_225' title='bbox 592 3689 734 3775; x_wconf 83' lang='lat' dir='ltr'>Rigalt,</span> <span class='ocrx_word' id='word_1_226' title='bbox 761 3690 818 3776; x_wconf 92' lang='lat' dir='ltr'>qui</span> <span class='ocrx_word' id='word_1_227' title='bbox 841 3690 985 3777; x_wconf 87' lang='lat' dir='ltr'>pessima</span> <span class='ocrx_word' id='word_1_228' title='bbox 1001 3713 1082 3755; x_wconf 89' lang='lat' dir='ltr'>usus</span> <span class='ocrx_word' id='word_1_229' title='bbox 1098 3690 1378 3757; x_wconf 87' lang='lat' dir='ltr'>contaminatione</span> 
     </span>
     <span class='ocr_line' id='line_1_28' title="bbox 200 3813 1379 3902; baseline -0.002 -22"><span class='ocrx_word' id='word_1_230' title='bbox 200 3814 370 3902; x_wconf 84' lang='lat' dir='ltr'>reposuit:</span> <span class='ocrx_word' id='word_1_231' title='bbox 396 3838 472 3878; x_wconf 82' lang='lat' dir='ltr'>cum</span> <span class='ocrx_word' id='word_1_232' title='bbox 480 3815 676 3900; x_wconf 74' lang='lat' dir='ltr'>flpurmset,</span> <span class='ocrx_word' id='word_1_233' title='bbox 695 3816 758 3877; x_wconf 76' lang='lat' dir='ltr'>cai</span> <span class='ocrx_word' id='word_1_234' title='bbox 773 3813 836 3877; x_wconf 80' lang='lat' dir='ltr'>alc&#39;c&#39;</span> <span class='ocrx_word' id='word_1_235' title='bbox 848 3816 1076 3901; x_wconf 66' lang='lat' dir='ltr'>configurasse</span> <span class='ocrx_word' id='word_1_236' title='bbox 1091 3815 1294 3882; x_wconf 64' lang='lat' dir='ltr'>eredendum</span> <span class='ocrx_word' id='word_1_237' title='bbox 1312 3817 1379 3878; x_wconf 71' lang='lat' dir='ltr'>ast?</span> 
     </span>
     <span class='ocr_line' id='line_1_29' title="bbox 197 3938 1379 4026; baseline 0 -22"><span class='ocrx_word' id='word_1_238' title='bbox 197 3940 297 4004; x_wconf 89' lang='lat' dir='ltr'>Hanc</span> <span class='ocrx_word' id='word_1_239' title='bbox 314 3945 426 4006; x_wconf 87' lang='lat' dir='ltr'>autem</span> <span class='ocrx_word' id='word_1_240' title='bbox 441 3940 627 4019; x_wconf 84' lang='lat' dir='ltr'>lectionem,</span> <span class='ocrx_word' id='word_1_241' title='bbox 647 3939 765 4026; x_wconf 91' lang='lat' dir='ltr'>quain</span> <span class='ocrx_word' id='word_1_242' title='bbox 783 3939 1002 4026; x_wconf 86' lang='lat' dir='ltr'>confingenda</span> <span class='ocrx_word' id='word_1_243' title='bbox 1020 3939 1155 4007; x_wconf 81' lang='lat' dir='ltr'>Gelenii</span> <span class='ocrx_word' id='word_1_244' title='bbox 1178 3938 1379 4005; x_wconf 89' lang='lat' dir='ltr'>coniecturis</span> 
     </span>
     <span class='ocr_line' id='line_1_30' title="bbox 201 4061 1379 4147; baseline 0.002 -20"><span class='ocrx_word' id='word_1_245' title='bbox 201 4061 360 4147; x_wconf 84' lang='lat' dir='ltr'>Gangnei</span> <span class='ocrx_word' id='word_1_246' title='bbox 376 4062 601 4128; x_wconf 84' lang='lat' dir='ltr'>coniecturam</span> <span class='ocrx_word' id='word_1_247' title='bbox 618 4063 795 4128; x_wconf 87' lang='lat' dir='ltr'>emendare</span> <span class='ocrx_word' id='word_1_248' title='bbox 820 4062 885 4128; x_wconf 90' lang='lat' dir='ltr'>sibi</span> <span class='ocrx_word' id='word_1_249' title='bbox 905 4062 998 4128; x_wconf 85' lang='lat' dir='ltr'>visus</span> <span class='ocrx_word' id='word_1_250' title='bbox 1022 4070 1074 4130; x_wconf 89' lang='lat' dir='ltr'>est</span> <span class='ocrx_word' id='word_1_251' title='bbox 1089 4065 1145 4131; x_wconf 85' lang='lat' dir='ltr'>vir</span> <span class='ocrx_word' id='word_1_252' title='bbox 1161 4065 1287 4145; x_wconf 70' lang='lat' dir='ltr'>doctus</span> <span class='ocrx_word' id='word_1_253' title='bbox 1313 4064 1379 4129; x_wconf 89' lang='lat' dir='ltr'>edi-</span> 
     </span>
     <span class='ocr_line' id='line_1_31' title="bbox 198 4192 527 4272; baseline -0.003 -22"><span class='ocrx_word' id='word_1_254' title='bbox 198 4192 294 4252; x_wconf 87' lang='lat' dir='ltr'>tores</span> <span class='ocrx_word' id='word_1_255' title='bbox 317 4192 527 4272; x_wconf 87' lang='lat' dir='ltr'>receperunt.</span> 
     </span>
    </p>

    <p class='ocr_par' dir='ltr' id='par_1_5' title="bbox 200 4312 1380 4527">
     <span class='ocr_line' id='line_1_32' title="bbox 292 4312 1380 4401; baseline 0.002 -24"><span class='ocrx_word' id='word_1_256' title='bbox 292 4312 506 4400; x_wconf 88' lang='lat' dir='ltr'>Itaqueiam</span> <span class='ocrx_word' id='word_1_257' title='bbox 531 4319 673 4400; x_wconf 88' lang='lat' dir='ltr'>apparet</span> <span class='ocrx_word' id='word_1_258' title='bbox 698 4312 723 4378; x_wconf 79' lang='lat' dir='ltr'>C</span> <span class='ocrx_word' id='word_1_259' title='bbox 748 4336 868 4379; x_wconf 90' lang='lat' dir='ltr'>verum</span> <span class='ocrx_word' id='word_1_260' title='bbox 890 4316 1064 4401; x_wconf 89' lang='lat' dir='ltr'>praebere.</span> <span class='ocrx_word' id='word_1_261' title='bbox 1095 4313 1184 4379; x_wconf 90' lang='lat' dir='ltr'>Nam</span> <span class='ocrx_word' id='word_1_262' title='bbox 1215 4314 1302 4380; x_wconf 89' lang='lat' dir='ltr'>etsi</span> <span class='ocrx_word' id='word_1_263' title='bbox 1326 4315 1380 4380; x_wconf 90' lang='lat' dir='ltr'>cui</span> 
     </span>
     <span class='ocr_line' id='line_1_33' title="bbox 200 4437 1379 4527; baseline 0.003 -25"><span class='ocrx_word' id='word_1_264' title='bbox 200 4437 545 4525; x_wconf 85' lang='lat' dir='ltr'>serupuluminioeret</span> <span class='ocrx_word' id='word_1_265' title='bbox 553 4438 640 4504; x_wconf 91' lang='lat' dir='ltr'>illud</span> <span class='ocrx_word' id='word_1_266' title='bbox 649 4439 693 4503; x_wconf 85' lang='lat' dir='ltr'>ad</span> <span class='ocrx_word' id='word_1_267' title='bbox 699 4440 762 4520; x_wconf 79' lang='lat' dir='ltr'>tao,</span> <span class='ocrx_word' id='word_1_268' title='bbox 771 4439 936 4505; x_wconf 87' lang='lat' dir='ltr'>adsentiri</span> <span class='ocrx_word' id='word_1_269' title='bbox 945 4438 975 4505; x_wconf 91' lang='lat' dir='ltr'>ei</span> <span class='ocrx_word' id='word_1_270' title='bbox 984 4441 1379 4527; x_wconf 79' lang='lat' dir='ltr'>nonpossem3referenda</span> 
     </span>
    </p>
   </div>
   <div class='ocr_carea' id='block_1_4' title="bbox 0 0 1651 5209">
    <p class='ocr_par' dir='ltr' id='par_1_6' title="bbox 0 0 1651 5209">
     <span class='ocr_line' id='line_1_34' title="bbox 0 0 1651 5209; baseline 0 0"><span class='ocrx_word' id='word_1_271' title='bbox 0 0 1651 5209; x_wconf 95' lang='lat' dir='ltr'> </span> 
     </span>
    </p>
   </div>
  </div>
 </body>
</html>
