3267 5209
282 375 324 436 at

282 568 412 632 enima
445 562 538 626 nullo
571 558 776 645 exemplario
807 559 931 624 munda
962 582 1033 625 esse
1056 566 1184 646 potest,
1218 563 1340 650 quippe
1372 565 1458 651 quod

282 692 388 777 ipsius
412 687 579 776 particula
605 685 658 750 sit.

264 968 267 980 ·
288 939 291 947 ’
369 963 395 1005 c.
416 943 466 1019 12,
485 961 516 1024 p.
536 941 588 1017 ai,
608 960 638 1001 v.
658 938 718 1000 23:
744 932 806 998 Sea
830 947 857 996 a
878 935 1003 1018 quinon
1018 937 1120 999 crucio
1136 940 1289 1003 antistites
1302 938 1456 1023 affirmat,

196 1007 201 1019 .
234 998 243 1038 χ
324 1007 327 1015 .

112 1114 115 1124 .
145 1121 158 1155 ,ἵ
179 1058 216 1124 'J'
248 1083 252 1099 ²
284 1062 488 1127 consacerdos·
523 1061 581 1123 anit
615 1074 726 1123 noster.
766 1057 875 1121 Crucis
906 1058 1044 1142 qualitas
1074 1061 1197 1146 munitm
1227 1076 1271 1124 oct
1293 1062 1333 1124 de
1355 1062 1457 1149 ligno:

135 1165 138 1180 ⁵
182 1166 210 1237 ¹„
279 1190 390 1253 otiam
413 1187 457 1250 de
479 1186 642 1248 citatorio
667 1184 731 1269 [ita
750 1181 800 1267 A3
829 1197 857 1246 et
879 1183 1008 1246 eandem
1037 1184 1201 1246 materiam
1216 1184 1333 1269 Reiff]
1356 1186 1456 1249 colitis·

274 1337 371 1400 penae
410 1336 462 1374 ooe
497 1334 573 1373 cum
608 1308 759 1395 effigio.
801 1308 987 1393 Quanquam
1020 1311 1100 1373 sicut
1135 1324 1298 1374 oestrum
1320 1313 1455 1376 turriano

276 1438 388 1523 flaura
413 1449 466 1518 eet,
490 1436 536 1499 ita
560 1449 588 1497 et
610 1447 774 1497 nostrum
797 1457 855 1497 oua
873 1436 1022 1522 molaria.

369 1564 470 1629 Reiff.
495 1561 595 1628 lectio
618 1560 728 1625 minus
752 1559 881 1646 placet;
914 1582 980 1624 non
1011 1560 1099 1625 enim
1132 1560 1168 1626 id
1195 1562 1302 1626 solum
1326 1568 1456 1628 conten-

278 1689 358 1753 dere
381 1686 459 1751 vult
491 1685 596 1765 Tert,
623 1683 772 1749 ethnicos
796 1706 927 1771 quoque
950 1684 1081 1771 lignum
1113 1687 1231 1769 colere,
1265 1689 1323 1754 sed
1355 1689 1455 1754 etiam

277 1812 399 1897 uanum
423 1810 462 1871 de
484 1808 569 1893 liquo
595 1828 649 1872 eos
683 1807 836 1873 adorare.
869 1808 961 1875 Illud
989 1810 1121 1898 quidem
1145 1811 1227 1877 dicit
1256 1812 1292 1877 in
1324 1814 1454 1900 apolog.

279 1936 412 2023 gemino
428 1936 499 2001 loco
517 1933 626 2017 (Oehl.
645 1934 671 2014 I,
697 1956 728 2019 p.
745 1935 841 2016 177);
866 1958 933 1998 cum
950 1936 1070 2022 dignum
1093 1938 1224 2022 aliquod
1250 1940 1455 2025 propitiatur,

281 2061 395 2125 uiderit
405 2060 544 2138 habitum
557 2084 623 2121 oum
638 2058 788 2121 orzateriao
805 2060 945 2143 qualitas
960 2062 1068 2126 cadom
1083 2065 1133 2145 eit,
1149 2065 1263 2129 auderit
1269 2066 1382 2150 forma
1397 2093 1454 2132 —.·

278 2194 312 2252 et
335 2189 375 2253 ob
407 2207 478 2250 eam
511 2207 582 2249 rem
609 2184 711 2250 Hart.
737 2156 1193 2273 (11,p.5a)pr0bataiiff.
1218 2191 1450 2258 coniecturam.

277 2315 406 2380 Verum
429 2314 576 2379 hocloco
600 2312 714 2377 verbis
738 2312 905 2399 expressis
929 2333 1060 2377 erucem
1084 2312 1202 2379 definit
1222 2320 1262 2379 ut
1278 2316 1399 2401 azynum
1416 2314 1452 2377 de

276 2439 374 2523 linum
396 2438 510 2524 itaque
523 2460 642 2523 parum
656 2440 751 2516 esset,
768 2435 797 2501 si
814 2436 944 2521 lignum
963 2459 1093 2523 quoque
1112 2437 1297 2504 adorarent
1312 2439 1452 2505 ethnici:

276 2562 408 2649 signum
432 2562 582 2649 ligneum
607 2561 720 2626 colant
743 2582 877 2628 necesse
902 2568 963 2628 est.
980 2602 1023 2609 -
1040 2561 1182 2628 Accedit
1198 2564 1454 2648 grammaticum

276 2711 406 2777 quoque
442 2694 689 2773 argumentum.
734 2689 775 2753 ln
812 2686 965 2775 sequenti
1004 2686 1092 2752 enim
1125 2686 1301 2752 enuntiato
1332 2686 1451 2767 nescio,

276 2812 435 2899 quomodo
469 2812 637 2899 explicam
665 2814 750 2879 velit
772 2815 873 2882 Reiff.
899 2813 986 2879 illud
1016 2825 1173 2877 oestrum
1204 2819 1239 2878 et
1269 2817 1453 2877 nostrum?

207 2937 210 2948 '
276 2937 363 3003 Nam
379 2937 422 3003 ad
445 2938 605 3000 neoterium
621 2938 675 3003 vel
697 2938 831 3023 efficiam
855 2937 981 3003 referri
1006 2962 1071 3003 non
1091 2946 1248 3026 possunt:
1273 2939 1451 3005 referenda

275 3085 357 3149 ergo
381 3068 458 3127 sunt
479 3061 523 3127 ad
552 3063 675 3147 siquam
699 3063 995 3151 seribendumque:
1027 3066 1128 3128 crucio
1154 3065 1308 3149 qualitas:
1331 3067 1450 3151 or’qnum

127 3193 133 3215 '¹
194 3169 202 3202 i
275 3204 319 3251 aet
342 3188 380 3251 cle
404 3189 505 3274 dignm
541 3186 731 3273 (mgnum)
757 3190 868 3252 etiam
899 3189 943 3252 dc
967 3188 1134 3272 (eadem)
1168 3190 1328 3253 mate-riu
1352 3190 1453 3252 nolitia

204 3387 207 3398 ‚
273 3336 368 3397 penos
379 3336 440 3391 ooo,
456 3336 522 3374 eum
536 3310 700 3398 effiyiem.
714 3349 728 3354 -
751 3350 756 3353 ·
770 3309 877 3375 Nemo
891 3311 978 3376 enim
992 3312 1172 3394 dubitabit,
1194 3314 1275 3399 quin
1292 3316 1451 3381 facillime

150 3462 226 3498 i
274 3439 394 3523 azynum
426 3445 502 3524 post
533 3439 617 3525 legno
658 3442 692 3501 et
728 3434 836 3497 elidem
867 3445 942 3522 post
974 3437 1106 3499 attonde
1138 3438 1184 3520 (h.
1210 3459 1238 3501 e.
1271 3438 1351 3500 endi
1377 3446 1453 3525 post

206 3581 210 3591 ·
274 3563 361 3646 tadu
385 3563 589 3629 intercidere
620 3561 807 3648 potuerint.
841 3560 893 3625 De
926 3560 1197 3646 breviloquentia
1229 3568 1341 3626 autem
1372 3561 1450 3626 illa:

274 3714 341 3753 oum
365 3688 501 3775 effigiem
525 3688 608 3771 (soil.
635 3687 776 3772 colitis),
804 3685 889 3751 satis
912 3684 980 3749 iam
1005 3689 1145 3749 constat.
1177 3683 1341 3771 Alioquin
1371 3685 1451 3749 haee

273 3813 373 3879 lectio
406 3837 479 3879 eum
503 3813 630 3879 rationi
653 3820 727 3879 tum
750 3810 923 3879 contextui
952 3810 1076 3896 optime
1109 3812 1281 3878 convenit:
1317 3811 1450 3877 rationi.

274 3940 428 4027 quoniam
460 3947 495 4007 et
526 3964 648 4007 revera
680 3940 810 4025 effigies
843 3938 977 4024 signum
1001 3934 1211 4021 appellatur,
1245 3935 1361 4022 itaque
1394 3935 1451 4021 qui

275 4064 418 4149 effigiem
453 4064 532 4129 colit
556 4062 705 4149 ligneam
729 4069 763 4128 et
796 4065 918 4149 er’qnum
943 4062 982 4124 de
1005 4061 1090 4147 liquo
1114 4061 1223 4127 colere
1247 4062 1369 4127 merito
1385 4060 1451 4126 dici

272 4195 400 4277 potest;
438 4189 609 4255 contextui
633 4196 762 4272 autem,
795 4188 873 4275 quia
898 4186 1137 4252 dissertatione
1173 4186 1303 4251 fusiore
1334 4185 1451 4272 pergit

274 4310 366 4375 Tert.
386 4309 420 4375 id
444 4310 683 4392 demonstrare,
712 4310 809 4377 idolis
830 4333 961 4393 revera,
989 4311 1122 4377 ratione
1146 4310 1302 4396 originie,
1320 4333 1451 4375 ciuicam

272 4435 419 4521 ligneam
443 4436 627 4502 subiacere.
