3267 5209
274 373 317 437 64

275 548 407 613 acutius
424 547 576 636 exprimi,
601 549 630 613 si
646 549 790 616 scribas:
814 549 941 615 indocto
949 550 1135 638 padoaic,
1158 557 1283 632 tamen,
1305 552 1393 641 quod
1408 552 1451 619 ad

274 695 345 739 rem
368 673 484 762 ipsam,
509 696 613 740 unum
636 674 789 763 idemque
813 680 882 741 est:
907 697 1107 764 quamquam
1130 676 1283 743 indoctae
1307 675 1451 763 (animae

274 798 368 883 scii),
393 804 507 865 tamen
530 798 713 886 prudentia
736 800 874 888 pollent,
901 807 952 867 et:
976 801 1106 888 pollent
1122 802 1314 890 prudentia,
1340 824 1451 890 quam-

274 946 372 1010 quam
396 923 539 990 indocta.
565 963 608 971 -
631 923 674 989 In
696 926 874 1012 postremis
898 931 1011 992 autem
1027 926 1082 989 sed
1099 925 1287 1015 disciplinae
1302 926 1452 993 inlibris

273 1054 364 1114 recte
388 1048 554 1115 traditum
578 1054 612 1115 et
636 1050 677 1115 ab
702 1049 890 1117 editoribus
913 1050 1035 1117 merito
1059 1056 1232 1139 receptum
1256 1058 1317 1119 est.
1346 1052 1447 1117 Reiff.

273 1195 355 1239 vero
378 1171 522 1261 planam,
548 1173 646 1240 immo
669 1174 899 1262 planissimam
922 1174 1100 1263 scriptoris
1123 1177 1325 1244 sententiam
1347 1176 1452 1245 baud·

274 1319 439 1384 quaquam
469 1298 673 1386 perspiciens
704 1300 823 1367 locum*
846 1308 973 1368 temere
1004 1301 1233 1388 attemptavit.
1275 1301 1454 1370 Scribebat

274 1422 380 1488 enim:
404 1448 466 1487 oco
489 1460 532 1471 —
560 1424 749 1489 submersior
772 1426 840 1511 ipsi
860 1428 922 1491 vel
945 1425 1142 1513 disciplinae.
1167 1466 1211 1473 —
1233 1402 1353 1515 Neque
1369 1450 1454 1495 vero

272 1548 548 1635 parallelismum,
583 1571 680 1635 quem
704 1549 853 1631 dicimus,
880 1551 1138 1633 animadvertis,
1171 1575 1237 1641 quo
1261 1554 1367 1620 verba
1388 1552 1456 1619 illa

272 1674 389 1762 priora
416 1698 478 1737 ooo
508 1672 699 1738 substantioe
729 1713 772 1723 -
803 1676 880 1761 quio
906 1700 960 1739 nec
992 1676 1172 1763 opimiorem
1205 1676 1452 1767 posterioribus

272 1798 327 1861 sed
351 1799 540 1885 disciplinae
562 1836 607 1845 —-
631 1801 705 1883 poio
729 1800 917 1863 moerorem
941 1801 1154 1888 respondent.

363 2073 389 2116 a.
407 2054 437 2131 9,
462 2072 493 2137 p.
511 2052 585 2131 309,
610 2073 642 2115 v.
661 2052 721 2116 25:
750 2049 828 2115 Coos
843 2052 967 2114 ooi'moe
982 2075 1093 2138 corpus
1109 2054 1278 2116 ossmimos
1294 2054 1451 2140 propriae

272 2175 435 2260 qualitatis
458 2189 489 2238 et
512 2176 642 2239 serisoi
660 2172 725 2259 [ita
748 2174 798 2257 Α;
825 2190 853 2238 et
875 2176 929 2239 soi
948 2176 992 2260 B]
1013 2177 1147 2262 perieris,
1171 2178 1237 2241 iam
1259 2216 1313 2243 —.

360 2300 521 2366 Fortasse
554 2322 595 2365 ex
622 2316 775 2364 ursnusvi
799 2300 1046 2366 restituendum
1078 2308 1130 2367 est
1160 2304 1452 2385 assnnrsv1‚scri-

272 2427 497 2511 bendumque:
531 2448 601 2488 ocra
635 2425 759 2487 coiraco
783 2449 894 2511 corpas
925 2427 1092 2490 essertines
1109 2428 1264 2513 propriae
1286 2428 1451 2513 quoldotrs

272 2576 350 2614 csse
373 2564 405 2613 et
426 2552 489 2613 soi
507 2551 657 2635 perceris
681 2588 733 2615 —-.

361 2823 386 2865 o.
405 2805 434 2881 9,
460 2822 491 2886 p.
510 2803 584 2880 311,
610 2824 642 2865 v.
661 2802 698 2865 6:
732 2800 779 2863 To
803 2823 857 2862 occ
880 2800 911 2861 si
930 2824 981 2862 res
1004 2801 1076 2886 *inse
1099 2800 1138 2863 de
1165 2801 1300 2886 sicopolis
1315 2826 1450 2888 posco·

271 2927 363 3007 serit,
394 2924 528 2987 credas?
563 2923 647 3008 (soil.
679 2922 810 2990 animae
842 2923 986 2990 colorem
1018 2924 1113 3009 esse).
1161 2924 1200 2990 Si
1226 2927 1307 2989 enim
1337 2950 1450 3013 corpas

272 3051 389 3131 opimo,
413 3051 480 3113 sine
495 3048 588 3113 dubio
604 3050 704 3112 ieter
718 3050 735 3111 i
739 3049 751 3111 i
757 3049 769 3111 i
774 3072 794 3111 o
810 3073 891 3134 qooe
906 3072 1006 3135 sopra
1021 3072 1128 3112 sumas
1140 3049 1288 3136 professi.
1313 3050 1451 3113 Perinde

271 3188 298 3237 et
321 3176 434 3239 coloris
452 3176 636 3262 proprietas
658 3175 743 3237 orani
764 3175 891 3260 corpori
912 3173 1045 3238 oderit.

361 3298 456 3381 Quae
488 3298 598 3366 omnia
628 3297 762 3363 servari
789 3303 943 3385 possunt,
975 3305 1015 3363 ut
1047 3298 1178 3386 opinor,
1203 3299 1339 3365 sublata
1361 3299 1449 3367 falsa

271 3423 495 3491 distinctione.
528 3424 649 3489 Dicere
680 3422 770 3489 enim
802 3423 879 3490 vult
906 3429 1025 3489 auctor
1049 3423 1179 3489 animae
1202 3424 1295 3490 inter
1318 3429 1449 3490 ceteras

272 3571 447 3637 corporum
470 3547 698 3636 proprietates
722 3548 866 3615 colorem
895 3569 1022 3637 quoqne
1045 3548 1263 3615 tribuendum
1287 3570 1368 3615 esse.
1400 3547 1449 3612 Et

271 3658 351 3761 quia
381 3675 421 3739 de
446 3673 568 3740 ceteris
593 3673 722 3739 animae
753 3672 938 3761 corporalis
964 3672 1232 3761 proprietatibus
1254 3673 1320 3739 iam
1344 3696 1449 3762 supra

270 3798 381 3886 capite
416 3798 554 3864 ineunte
589 3797 763 3879 disseruit,
801 3797 856 3863 hio
890 3798 1043 3886 scripsit:
1090 3800 1171 3861 cister
1196 3798 1256 3862 illo
1287 3797 1448 3886 (parvula

272 3923 501 3990 emendatione
524 3946 606 3989 usus
623 3923 689 3986 olio
704 3944 766 4010 pro
790 3922 851 3986 illc
871 3922 997 3989 scribat
1020 3922 1074 3988 cui
1096 3923 1232 4008 lubeti),
1257 3947 1448 4010 quoesopro

270 4074 377 4111 samos
384 4048 538 4136 prrffessi,
556 4047 692 4135 perinde
715 4060 743 4110 et
761 4047 873 4111 calmis
891 4048 1075 4135 proprietas
1096 4049 1182 4111 ornei
1194 4050 1320 4135 corpori
1333 4047 1446 4114 oderit.

272 4174 385 4239 Mente
417 4172 504 4237 enim
536 4172 758 4260 supplendum
798 4178 865 4237 est:
906 4194 987 4258 ergo
1026 4179 1061 4237 et
1091 4172 1232 4238 animae.
1266 4171 1302 4237 Si
1333 4177 1449 4237 autem

271 4298 443 4384 corrigere
464 4296 593 4383 aliquid
616 4296 710 4377 velie,
733 4296 877 4363 scribas:
901 4299 976 4380 (ot)
1001 4298 1087 4359 cosei
1106 4299 1240 4384 corpori.
1264 4333 1302 4343 -
1325 4296 1448 4382 Itaque

271 4421 489 4509 gravioribus
523 4421 765 4487 mutationibus
797 4444 880 4508 opus
910 4443 976 4487 non
1008 4428 1076 4501 est,
1110 4444 1194 4509 quae
1224 4420 1310 4487 viris
1342 4420 1449 4487 doctis
