3267 5209
1371 378 1412 440 27

238 554 379 617 coelum
407 553 468 617 tibi
487 552 709 641 speculandum
733 553 911 617 aestimas?
947 552 998 620 Cf.
1022 561 1057 620 et
1080 555 1244 621 Graecam
1268 552 1414 620 eiusdem

238 676 432 744 historiolae
455 676 641 743 versionem
668 698 719 764 ap.
745 677 845 763 Diog.
867 679 984 746 Laert.
1009 682 1051 764 (l.
1069 685 1099 748 8.
1117 682 1190 763 34):
1223 681 1262 743 σὺ
1285 682 1361 764 γὰρ,
1386 668 1413 741 ὦ

242 802 352 889 Θαλῆ)
385 804 426 865 τὰ
457 802 490 867 ἐν
522 800 624 865 ποσὶν
655 800 692 865 οὐ
725 803 901 884 δυνάμενος
932 802 1015 869 ἰδεῖν
1045 805 1088 869 τὰ
1112 801 1172 869 ἐπὶ
1196 812 1254 867 τοῦ
1278 802 1415 888 οὐρανοῦ

239 926 301 995 οἴει
326 930 530 1015 procecedunt,-

327 1095 369 1102 --
387 1056 621 1143 perspt‘ct'(eus
642 1055 784 1137 caestum
808 1094 852 1101 —
874 1057 1043 1123 existinuus.
1070 1055 1227 1122 Stcwass

326 1179 435 1246 Multo
472 1202 550 1246 sene
584 1178 757 1245 difficilius
789 1180 952 1267 explendo
982 1189 1034 1248 est
1064 1182 1174 1247 altera
1204 1181 1334 1246 lacuna.
1366 1179 1414 1244 Et

238 1306 339 1373 Goth.
373 1305 504 1391 quidem
538 1331 560 1368 u
588 1305 696 1370 adhuc
719 1304 841 1390 legisse
863 1304 1001 1371 videtur
1023 1304 1059 1370 in
1076 1304 1143 1391 Ag.
1158 1311 1252 1371 ante:
1269 1344 1313 1351 —
1329 1304 1412 1369 donn.

237 1430 333 1497 Unde
356 1431 578 1517 intellegitur,
604 1455 665 1497 cur
688 1438 722 1497 et
745 1431 815 1518 ipse
830 1431 931 1497 Goth.
957 1430 1102 1496 etReiff.
1128 1428 1330 1516 gerundium
1354 1429 1413 1493 ali-

238 1556 326 1643 quod
357 1556 604 1644 suppleverint:
635 1558 694 1622 ille
731 1556 936 1638 eunocum,
969 1556 1023 1622 hio
1053 1564 1165 1622 autem
1196 1557 1414 1639 inbuendum,

241 1679 328 1766 quod
352 1682 474 1768 probet
490 1680 590 1749 [Hert.
616 1682 669 1747 his
693 1682 806 1748 verbis
819 1682 897 1766 (HI,
913 1706 945 1768 p.
962 1684 1039 1767 46):
1067 1681 1151 1763 „Die
1167 1681 1271 1749 Stelle
1286 1682 1415 1749 scheint

241 1804 305 1870 mir
339 1805 445 1871 durch
482 1805 740 1872 Reifferscheids
771 1806 982 1890 Ergiinzung
1015 1806 1223 1871 laborandum
1258 1806 1327 1871 und
1362 1805 1414 1872 die

241 1932 405 2016 gegebenc
427 1930 683 2017 Interpunction
707 1930 837 2016 richtig
860 1931 1006 2018 erledigt
1029 1955 1071 1996 zu
1094 1931 1194 1998 sein.“

328 2058 456 2125 Verum
487 2059 554 2123 iam
579 2059 742 2126 Oehlerus
772 2056 1061 2123 animadverteret
1094 2056 1240 2123 habendi
1275 2061 1416 2126 verbum

240 2206 313 2249 oum
329 2185 494 2271 gerundio
511 2185 723 2252 coniunctum
740 2183 823 2251 alibi
840 2182 928 2271 apud
945 2180 1037 2249 Tert.
1055 2205 1121 2248 non
1137 2183 1293 2249 inveniri.
1319 2183 1416 2265 Quod

240 2315 273 2374 et
288 2310 390 2376 Hert.
407 2311 564 2393 concedit,
592 2335 665 2377 cum
688 2332 727 2377 ex
740 2308 858 2375 Tacito
883 2314 917 2373 et
933 2306 1097 2373 Frontino
1126 2307 1274 2393 exempla
1302 2308 1414 2373 effert.

241 2433 334 2501 Oehl.
359 2435 470 2521 igitur
494 2437 686 2523 supplebat:
711 2460 800 2499 soem
823 2433 970 2500 studium.
984 2472 1029 2481 —-
1042 2431 1136 2513 Quae
1158 2439 1272 2498 tamen
1296 2454 1413 2519 propo·

241 2557 378 2624 sitiones
402 2582 505 2644 aeque
529 2582 639 2625 omnes
664 2559 851 2646 displicent.
876 2558 963 2624 Nam
987 2559 1077 2623 solus
1098 2559 1199 2625 Goth.
1217 2558 1415 2625 sententiam

241 2685 416 2772 scriptoris
432 2688 641 2774 perspexisse
656 2686 808 2770 videtur;
828 2685 1015 2750 sumendum
1031 2693 1152 2762 autem,
1167 2688 1254 2775 qnod
1267 2686 1413 2773 scripsit,

241 2833 298 2877 neo
313 2812 466 2878 lacunam
483 2814 595 2900 explet
610 2836 668 2879 nec
683 2813 770 2899 quod
786 2813 829 2877 ad
845 2812 1023 2878 dictionem
1039 2810 1190 2897 pertinet
1206 2810 1416 2898 comprobari

241 2941 361 3022 potest.
388 2936 525 3003 Oehleri
548 2942 660 3003 cutem
684 2942 720 3001 et
744 2935 1014 3003 Reifferscheidii
1045 2938 1202 3004 lectiones
1225 2960 1266 3003 ne
1290 2944 1416 3003 senten·

242 3057 309 3121 tiae
340 3058 471 3144 quidem
499 3057 727 3124 satisfaciunt:
763 3061 924 3144 quomodo
956 3063 1043 3127 enim
1074 3085 1170 3128 cesus
1200 3062 1260 3128 ille
1291 3062 1416 3129 Milesii

242 3197 349 3247 notare
378 3185 484 3272 possit
500 3210 564 3271 per
578 3187 720 3273 fipzurum
743 3186 950 3274 philosophis
974 3187 1009 3251 in
1032 3209 1175 3252 vacuum
1198 3186 1417 3251 laborandum

241 3309 297 3376 vel
320 3310 518 3377 studendum
541 3310 638 3377 fore?
662 3310 698 3377 Si
720 3312 861 3399 denique
884 3312 919 3375 in
941 3332 1096 3377 euentum
1118 3312 1263 3375 laborare
1286 3312 1458 3496 omnino)
1467 3365 1474 3429 ί
1540 3325 1581 3395 „j
1605 3362 1610 3371 .

1490 3404 1512 3460 v
1524 3403 1530 3426 1
1541 3416 1554 3427 κ

1457 3457 1465 3493 Ι

242 3434 370 3521 aliquid
394 3434 573 3520 significet!
1481 3523 1484 3534 1

330 3562 494 3651 Equidem
511 3563 721 3631 scribendum
741 3557 907 3630 censeam:
932 3565 966 3627 in
982 3587 1112 3627 comeum
1133 3577 1164 3627 et
1179 3561 1417 3649 profundum
1486 3563 1493 3576 '

244 3690 433 3753 abituros!
456 3689 657 3776 Profundum
681 3690 767 3755 enim
791 3689 939 3776 spatium
954 3690 1150 3755 immensum
1166 3686 1298 3775 saepius
1314 3686 1417 3773 signi·

242 3816 333 3897 ficet,
360 3814 446 3881 sicut
470 3816 545 3882 adv.
570 3816 674 3881 Mare.
699 3816 741 3883 V.
768 3820 811 3883 34
834 3816 942 3882 noth
966 3820 1000 3881 et
1023 3820 1067 3882 35
1091 3814 1198 3898 (Oehl.
1216 3815 1262 3895 ll,
1287 3838 1318 3901 p.
1339 3816 1415 3891 252,

241 3963 274 4006 v.
294 3942 337 4025 1).
363 3940 498 4005 Vostrum
515 3940 625 4027 igitur
641 3954 668 4003 et
677 3939 880 4028 profondum
895 3945 945 4006 est
959 3938 1048 4021 χάος,
1065 3938 1101 4003 in
1117 3938 1204 4026 quod
1220 3937 1314 4003 abire
1331 3937 1417 4002 idem

242 4074 293 4133 est
317 4068 404 4155 quod
427 4073 597 4133 nostrum:
620 4065 719 4152 jeden
735 4066 850 4131 Boden
874 4073 975 4131 unter
998 4066 1062 4131 den
1085 4065 1215 4131 Fiissen
1238 4063 1416 4129 verlieren.

243 4193 294 4260 Cf.
318 4200 352 4261 ct
374 4220 405 4281 p.
431 4198 484 4276 96,
510 4218 542 4260 V.
560 4198 597 4260 2:
622 4195 657 4257 in
679 4195 828 4258 incertum
852 4192 938 4256 abiit.

333 4318 430 4400 Quod
457 4340 538 4384 vero
564 4317 804 4383 adlectionem
835 4317 995 4380 habueras
1030 4316 1154 4382 attinet
1176 4338 1238 4402 pro
1270 4316 1416 4390 abituros,

243 4444 284 4509 cf.
310 4444 349 4510 de
378 4443 489 4509 idolol.
516 4447 580 4509 cl)
616 4443 661 4529 (p.
684 4447 742 4524 33,
772 4464 806 4507 v.
826 4443 900 4526 28),
926 4441 986 4507 ubi
1021 4442 1081 4504 lob
1105 4464 1167 4527 pro
1203 4442 1242 4503 ab
1277 4442 1419 4527 praebet
