<?xml version="1.0" encoding="UTF-8"?>
<!DOCTYPE html PUBLIC "-//W3C//DTD XHTML 1.0 Transitional//EN"
    "http://www.w3.org/TR/xhtml1/DTD/xhtml1-transitional.dtd">
<html xmlns="http://www.w3.org/1999/xhtml" xml:lang="en" lang="en">
 <head>
  <title>
</title>
<meta http-equiv="Content-Type" content="text/html;charset=utf-8" />
  <meta name='ocr-system' content='tesseract 3.04.00' />
  <meta name='ocr-capabilities' content='ocr_page ocr_carea ocr_par ocr_line ocrx_word'/>
</head>
<body>
  <div class='ocr_page' id='page_1' title='image "./tertullianea00gompgoog_0009.png"; bbox 0 0 3267 5209; ppageno 0'>
   <div class='ocr_carea' id='block_1_1' title="bbox 230 1888 1412 2631">
    <p class='ocr_par' dir='ltr' id='par_1_1' title="bbox 230 1888 1412 2631">
     <span class='ocr_line' id='line_1_1' title="bbox 323 1888 1412 2007; baseline -0.002 -20"><span class='ocrx_word' id='word_1_1' title='bbox 323 1888 371 1987; x_wconf 88' lang='lat' dir='ltr'><strong>ln</strong></span> <span class='ocrx_word' id='word_1_2' title='bbox 393 1920 466 2007; x_wconf 87' lang='lat' dir='ltr'><strong>ipso</strong></span> <span class='ocrx_word' id='word_1_3' title='bbox 489 1918 591 1985; x_wconf 89' lang='lat' dir='ltr'><strong>huius</strong></span> <span class='ocrx_word' id='word_1_4' title='bbox 608 1919 770 2007; x_wconf 85' lang='lat' dir='ltr'><strong>prooemii</strong></span> <span class='ocrx_word' id='word_1_5' title='bbox 793 1918 909 1987; x_wconf 85' lang='lat' dir='ltr'><strong>limine</strong></span> <span class='ocrx_word' id='word_1_6' title='bbox 924 1939 1050 1986; x_wconf 85' lang='lat' dir='ltr'><strong>summo</strong></span> <span class='ocrx_word' id='word_1_7' title='bbox 1065 1918 1142 1987; x_wconf 79' lang='lat' dir='ltr'><strong>viro</strong></span> <span class='ocrx_word' id='word_1_8' title='bbox 1157 1918 1291 2007; x_wconf 77' lang='lat' dir='ltr'><strong>gratias</strong></span> <span class='ocrx_word' id='word_1_9' title='bbox 1306 1937 1412 2005; x_wconf 69' lang='lat' dir='ltr'><strong>egere</strong></span> 
     </span>
     <span class='ocr_line' id='line_1_2' title="bbox 232 2042 1410 2133; baseline -0.001 -21"><span class='ocrx_word' id='word_1_10' title='bbox 232 2046 333 2112; x_wconf 89' lang='lat' dir='ltr'><strong>debeo</strong></span> <span class='ocrx_word' id='word_1_11' title='bbox 358 2066 457 2132; x_wconf 89' lang='lat' dir='ltr'><strong>quam</strong></span> <span class='ocrx_word' id='word_1_12' title='bbox 479 2044 649 2127; x_wconf 86' lang='lat' dir='ltr'><strong>maximas,</strong></span> <span class='ocrx_word' id='word_1_13' title='bbox 675 2044 902 2133; x_wconf 86' lang='lat' dir='ltr'><strong>Adelphum</strong></span> <span class='ocrx_word' id='word_1_14' title='bbox 925 2042 1200 2112; x_wconf 81' lang='lat' dir='ltr'><strong>Hernaolrium</strong></span> <span class='ocrx_word' id='word_1_15' title='bbox 1222 2044 1296 2111; x_wconf 90' lang='lat' dir='ltr'><strong>dico</strong></span> <span class='ocrx_word' id='word_1_16' title='bbox 1316 2044 1410 2111; x_wconf 70' lang='lat' dir='ltr'><strong>theo</strong></span> 
     </span>
     <span class='ocr_line' id='line_1_3' title="bbox 230 2168 1407 2258; baseline 0.001 -23"><span class='ocrx_word' id='word_1_17' title='bbox 230 2171 355 2257; x_wconf 85' lang='lat' dir='ltr'><strong>logum,</strong></span> <span class='ocrx_word' id='word_1_18' title='bbox 381 2170 504 2258; x_wconf 88' lang='lat' dir='ltr'><strong>quippe</strong></span> <span class='ocrx_word' id='word_1_19' title='bbox 520 2170 586 2257; x_wconf 90' lang='lat' dir='ltr'><strong>qui,</strong></span> <span class='ocrx_word' id='word_1_20' title='bbox 604 2192 677 2235; x_wconf 88' lang='lat' dir='ltr'><strong>cum</strong></span> <span class='ocrx_word' id='word_1_21' title='bbox 692 2168 952 2236; x_wconf 87' lang='lat' dir='ltr'><strong>universitatem</strong></span> <span class='ocrx_word' id='word_1_22' title='bbox 967 2168 1220 2236; x_wconf 81' lang='lat' dir='ltr'><strong>Berolinensem</strong></span> <span class='ocrx_word' id='word_1_23' title='bbox 1242 2168 1407 2251; x_wconf 70' lang='lat' dir='ltr'><strong>adium,</strong></span> 
     </span>
     <span class='ocr_line' id='line_1_4' title="bbox 232 2291 1410 2382; baseline 0.002 -23"><span class='ocrx_word' id='word_1_24' title='bbox 232 2294 382 2360; x_wconf 85' lang='lat' dir='ltr'><strong>civitatis</strong></span> <span class='ocrx_word' id='word_1_25' title='bbox 410 2293 553 2382; x_wconf 89' lang='lat' dir='ltr'><strong>fideique</strong></span> <span class='ocrx_word' id='word_1_26' title='bbox 584 2293 797 2360; x_wconf 69' lang='lat' dir='ltr'><strong>diversitatis</strong></span> <span class='ocrx_word' id='word_1_27' title='bbox 829 2292 925 2359; x_wconf 85' lang='lat' dir='ltr'><strong>nulla</strong></span> <span class='ocrx_word' id='word_1_28' title='bbox 958 2314 1099 2381; x_wconf 85' lang='lat' dir='ltr'><strong>prorsus</strong></span> <span class='ocrx_word' id='word_1_29' title='bbox 1129 2291 1249 2360; x_wconf 88' lang='lat' dir='ltr'><strong>habita</strong></span> <span class='ocrx_word' id='word_1_30' title='bbox 1278 2294 1410 2362; x_wconf 87' lang='lat' dir='ltr'><strong>ratione</strong></span> 
     </span>
     <span class='ocr_line' id='line_1_5' title="bbox 231 2416 1408 2507; baseline 0.004 -24"><span class='ocrx_word' id='word_1_31' title='bbox 231 2442 284 2485; x_wconf 91' lang='lat' dir='ltr'><strong>me</strong></span> <span class='ocrx_word' id='word_1_32' title='bbox 308 2420 544 2506; x_wconf 87' lang='lat' dir='ltr'><strong>benignissime</strong></span> <span class='ocrx_word' id='word_1_33' title='bbox 569 2419 755 2507; x_wconf 80' lang='lat' dir='ltr'><strong>exceperit,</strong></span> <span class='ocrx_word' id='word_1_34' title='bbox 787 2418 831 2485; x_wconf 88' lang='lat' dir='ltr'><strong>ad</strong></span> <span class='ocrx_word' id='word_1_35' title='bbox 860 2416 1077 2487; x_wconf 86' lang='lat' dir='ltr'><strong>seminarium</strong></span> <span class='ocrx_word' id='word_1_36' title='bbox 1100 2438 1197 2485; x_wconf 86' lang='lat' dir='ltr'><strong>suum</strong></span> <span class='ocrx_word' id='word_1_37' title='bbox 1223 2420 1408 2503; x_wconf 71' lang='lat' dir='ltr'><strong>admiserit,</strong></span> 
     </span>
     <span class='ocr_line' id='line_1_6' title="bbox 233 2540 1407 2631; baseline 0.002 -21"><span class='ocrx_word' id='word_1_38' title='bbox 233 2545 383 2612; x_wconf 89' lang='lat' dir='ltr'><strong>omnibus</strong></span> <span class='ocrx_word' id='word_1_39' title='bbox 422 2545 527 2612; x_wconf 89' lang='lat' dir='ltr'><strong>modis</strong></span> <span class='ocrx_word' id='word_1_40' title='bbox 566 2540 808 2613; x_wconf 81' lang='lat' dir='ltr'><strong>ecclesiasticae</strong></span> <span class='ocrx_word' id='word_1_41' title='bbox 847 2541 1012 2610; x_wconf 81' lang='lat' dir='ltr'><strong>historiae</strong></span> <span class='ocrx_word' id='word_1_42' title='bbox 1051 2564 1187 2631; x_wconf 78' lang='lat' dir='ltr'><strong>operam</strong></span> <span class='ocrx_word' id='word_1_43' title='bbox 1224 2550 1407 2612; x_wconf 81' lang='lat' dir='ltr'><strong>novantem</strong></span> 
     </span>
    </p>
   </div>
   <div class='ocr_carea' id='block_1_2' title="bbox 231 2668 1408 2885">
    <p class='ocr_par' dir='ltr' id='par_1_2' title="bbox 231 2668 1408 2885">
     <span class='ocr_line' id='line_1_7' title="bbox 232 2668 1408 2760; baseline -0.001 -24"><span class='ocrx_word' id='word_1_44' title='bbox 232 2671 411 2751; x_wconf 86' lang='lat' dir='ltr'><strong>adiuverit,</strong></span> <span class='ocrx_word' id='word_1_45' title='bbox 453 2710 493 2720; x_wconf 89' lang='lat'><strong>-</strong></span> <span class='ocrx_word' id='word_1_46' title='bbox 534 2672 676 2760; x_wconf 87' lang='lat' dir='ltr'><strong>denique</strong></span> <span class='ocrx_word' id='word_1_47' title='bbox 716 2669 819 2737; x_wconf 90' lang='lat' dir='ltr'><strong>etiam</strong></span> <span class='ocrx_word' id='word_1_48' title='bbox 858 2670 901 2737; x_wconf 91' lang='lat' dir='ltr'><strong>ad</strong></span> <span class='ocrx_word' id='word_1_49' title='bbox 940 2669 1192 2737; x_wconf 77' lang='lat' dir='ltr'><strong>Tertullianum</strong></span> <span class='ocrx_word' id='word_1_50' title='bbox 1229 2668 1408 2757; x_wconf 83' lang='lat' dir='ltr'><strong>legendum</strong></span> 
     </span>
     <span class='ocr_line' id='line_1_8' title="bbox 231 2794 1408 2885; baseline 0.001 -24"><span class='ocrx_word' id='word_1_51' title='bbox 231 2796 360 2883; x_wconf 87' lang='lat' dir='ltr'><strong>primus</strong></span> <span class='ocrx_word' id='word_1_52' title='bbox 384 2796 566 2884; x_wconf 82' lang='lat' dir='ltr'><strong>impulerit.</strong></span> <span class='ocrx_word' id='word_1_53' title='bbox 593 2796 722 2863; x_wconf 90' lang='lat' dir='ltr'><strong>Verum</strong></span> <span class='ocrx_word' id='word_1_54' title='bbox 742 2804 782 2864; x_wconf 88' lang='lat' dir='ltr'><strong>ut</strong></span> <span class='ocrx_word' id='word_1_55' title='bbox 798 2797 925 2885; x_wconf 87' lang='lat' dir='ltr'><strong>scripta</strong></span> <span class='ocrx_word' id='word_1_56' title='bbox 937 2795 1172 2863; x_wconf 76' lang='lat' dir='ltr'><strong>Tertullianea</strong></span> <span class='ocrx_word' id='word_1_57' title='bbox 1186 2794 1408 2883; x_wconf 84' lang='lat' dir='ltr'><strong>grammatica</strong></span> 
     </span>
    </p>
   </div>
   <div class='ocr_carea' id='block_1_3' title="bbox 230 2920 1408 3135">
    <p class='ocr_par' dir='ltr' id='par_1_3' title="bbox 230 2920 1408 3135">
     <span class='ocr_line' id='line_1_9' title="bbox 231 2920 1408 3008; baseline 0.001 -22"><span class='ocrx_word' id='word_1_58' title='bbox 231 2944 361 3008; x_wconf 90' lang='lat' dir='ltr'><strong>quoque</strong></span> <span class='ocrx_word' id='word_1_59' title='bbox 385 2921 517 2989; x_wconf 85' lang='lat' dir='ltr'><strong>ratione</strong></span> <span class='ocrx_word' id='word_1_60' title='bbox 540 2927 698 3004; x_wconf 78' lang='lat' dir='ltr'><strong>tractem,</strong></span> <span class='ocrx_word' id='word_1_61' title='bbox 724 2922 814 2989; x_wconf 87' lang='lat' dir='ltr'><strong>alter</strong></span> <span class='ocrx_word' id='word_1_62' title='bbox 836 2944 888 2987; x_wconf 90' lang='lat' dir='ltr'><strong>me</strong></span> <span class='ocrx_word' id='word_1_63' title='bbox 911 2920 1112 2988; x_wconf 88' lang='lat' dir='ltr'><strong>exhortatus</strong></span> <span class='ocrx_word' id='word_1_64' title='bbox 1135 2926 1188 2987; x_wconf 89' lang='lat' dir='ltr'><strong>est</strong></span> <span class='ocrx_word' id='word_1_65' title='bbox 1210 2920 1268 2987; x_wconf 86' lang='lat' dir='ltr'><strong>vir</strong></span> <span class='ocrx_word' id='word_1_66' title='bbox 1289 2920 1408 2987; x_wconf 85' lang='lat' dir='ltr'><strong>doctis·</strong></span> 
     </span>
     <span class='ocr_line' id='line_1_10' title="bbox 230 3045 1405 3135; baseline 0 -24"><span class='ocrx_word' id='word_1_67' title='bbox 230 3046 349 3130; x_wconf 84' lang='lat' dir='ltr'><strong>simne,</strong></span> <span class='ocrx_word' id='word_1_68' title='bbox 382 3046 636 3115; x_wconf 86' lang='lat' dir='ltr'><strong>Hermannus</strong></span> <span class='ocrx_word' id='word_1_69' title='bbox 669 3045 866 3127; x_wconf 74' lang='lat' dir='ltr'><strong>DilesiuS,</strong></span> <span class='ocrx_word' id='word_1_70' title='bbox 905 3046 1001 3112; x_wconf 87' lang='lat' dir='ltr'><strong>euius</strong></span> <span class='ocrx_word' id='word_1_71' title='bbox 1034 3066 1202 3135; x_wconf 86' lang='lat' dir='ltr'><strong>propensa</strong></span> <span class='ocrx_word' id='word_1_72' title='bbox 1235 3066 1320 3133; x_wconf 80' lang='lat' dir='ltr'><strong>erge</strong></span> <span class='ocrx_word' id='word_1_73' title='bbox 1353 3066 1405 3112; x_wconf 91' lang='lat' dir='ltr'><strong>me</strong></span> 
     </span>
    </p>
   </div>
   <div class='ocr_carea' id='block_1_4' title="bbox 230 3170 1523 3257">
    <p class='ocr_par' dir='ltr' id='par_1_4' title="bbox 230 3170 1523 3257">
     <span class='ocr_line' id='line_1_11' title="bbox 230 3170 1523 3257; baseline 0.002 -22"><span class='ocrx_word' id='word_1_74' title='bbox 230 3170 422 3253; x_wconf 86' lang='lat' dir='ltr'><strong>voluntate,</strong></span> <span class='ocrx_word' id='word_1_75' title='bbox 457 3192 554 3257; x_wconf 90' lang='lat' dir='ltr'><strong>quam</strong></span> <span class='ocrx_word' id='word_1_76' title='bbox 585 3170 779 3257; x_wconf 82' lang='lat' dir='ltr'><strong>gratissimo</strong></span> <span class='ocrx_word' id='word_1_77' title='bbox 811 3171 920 3237; x_wconf 86' lang='lat' dir='ltr'><strong>animo</strong></span> <span class='ocrx_word' id='word_1_78' title='bbox 951 3172 1077 3254; x_wconf 90' lang='lat' dir='ltr'><strong>recolo,</strong></span> <span class='ocrx_word' id='word_1_79' title='bbox 1109 3171 1237 3239; x_wconf 83' lang='lat' dir='ltr'><strong>fuctum</strong></span> <span class='ocrx_word' id='word_1_80' title='bbox 1271 3175 1339 3253; x_wconf 88' lang='lat' dir='ltr'><strong>est,</strong></span> <span class='ocrx_word' id='word_1_81' title='bbox 1366 3175 1407 3237; x_wconf 85' lang='lat' dir='ltr'><strong>ut</strong></span> <span class='ocrx_word' id='word_1_82' title='bbox 1517 3182 1523 3191; x_wconf 85' lang='grc'><strong>’</strong></span> 
     </span>
    </p>
   </div>
   <div class='ocr_carea' id='block_1_5' title="bbox 223 3292 1406 4512">
    <p class='ocr_par' dir='ltr' id='par_1_5' title="bbox 231 3292 1405 3612">
     <span class='ocr_line' id='line_1_12' title="bbox 231 3292 1403 3383; baseline 0.003 -24"><span class='ocrx_word' id='word_1_83' title='bbox 231 3294 378 3381; x_wconf 87' lang='lat' dir='ltr'><strong>aliquam</strong></span> <span class='ocrx_word' id='word_1_84' title='bbox 399 3294 500 3360; x_wconf 85' lang='lat' dir='ltr'><strong>huius</strong></span> <span class='ocrx_word' id='word_1_85' title='bbox 516 3295 667 3383; x_wconf 87' lang='lat' dir='ltr'><strong>opusculi</strong></span> <span class='ocrx_word' id='word_1_86' title='bbox 681 3292 885 3383; x_wconf 78' lang='lat' dir='ltr'><strong>particulam</strong></span> <span class='ocrx_word' id='word_1_87' title='bbox 900 3297 936 3363; x_wconf 93' lang='lat' dir='ltr'><strong>in</strong></span> <span class='ocrx_word' id='word_1_88' title='bbox 952 3296 1251 3365; x_wconf 86' lang='lat' dir='ltr'><strong>exercitationibus</strong></span> <span class='ocrx_word' id='word_1_89' title='bbox 1267 3294 1403 3379; x_wconf 87' lang='lat' dir='ltr'><strong>criticis,</strong></span> 
     </span>
     <span class='ocr_line' id='line_1_13' title="bbox 231 3420 1405 3510; baseline 0.003 -26"><span class='ocrx_word' id='word_1_90' title='bbox 231 3420 350 3506; x_wconf 86' lang='lat' dir='ltr'><strong>quibus</strong></span> <span class='ocrx_word' id='word_1_91' title='bbox 366 3427 503 3508; x_wconf 91' lang='lat' dir='ltr'><strong>praeest</strong></span> <span class='ocrx_word' id='word_1_92' title='bbox 517 3420 577 3487; x_wconf 92' lang='lat' dir='ltr'><strong>ille</strong></span> <span class='ocrx_word' id='word_1_93' title='bbox 593 3421 649 3488; x_wconf 93' lang='lat' dir='ltr'><strong>vir</strong></span> <span class='ocrx_word' id='word_1_94' title='bbox 665 3420 879 3504; x_wconf 87' lang='lat' dir='ltr'><strong>clarissimus,</strong></span> <span class='ocrx_word' id='word_1_95' title='bbox 904 3443 1091 3510; x_wconf 89' lang='lat' dir='ltr'><strong>proponere</strong></span> <span class='ocrx_word' id='word_1_96' title='bbox 1107 3426 1209 3507; x_wconf 81' lang='lat' dir='ltr'><strong>atque</strong></span> <span class='ocrx_word' id='word_1_97' title='bbox 1225 3420 1405 3487; x_wconf 84' lang='lat' dir='ltr'><strong>defendere</strong></span> 
     </span>
     <span class='ocr_line' id='line_1_14' title="bbox 231 3543 465 3612; baseline 0.017 -5"><span class='ocrx_word' id='word_1_98' title='bbox 231 3543 314 3608; x_wconf 91' lang='lat' dir='ltr'><strong>mihi</strong></span> <span class='ocrx_word' id='word_1_99' title='bbox 336 3544 465 3612; x_wconf 85' lang='lat' dir='ltr'><strong>liceret.</strong></span> 
     </span>
    </p>

    <p class='ocr_par' dir='ltr' id='par_1_6' title="bbox 223 3668 1406 4512">
     <span class='ocr_line' id='line_1_15' title="bbox 318 3668 1406 3760; baseline -0.001 -24"><span class='ocrx_word' id='word_1_100' title='bbox 318 3671 438 3759; x_wconf 82' lang='lat' dir='ltr'><strong>Itaque</strong></span> <span class='ocrx_word' id='word_1_101' title='bbox 455 3677 587 3738; x_wconf 81' lang='lat' dir='ltr'><strong>centum</strong></span> <span class='ocrx_word' id='word_1_102' title='bbox 603 3672 676 3739; x_wconf 80' lang='lat' dir='ltr'><strong>fere</strong></span> <span class='ocrx_word' id='word_1_103' title='bbox 693 3672 926 3740; x_wconf 85' lang='lat' dir='ltr'><strong>adnotationes</strong></span> <span class='ocrx_word' id='word_1_104' title='bbox 942 3668 1125 3760; x_wconf 82' lang='lat' dir='ltr'><strong>conscripsi</strong></span> <span class='ocrx_word' id='word_1_105' title='bbox 1140 3670 1183 3737; x_wconf 86' lang='lat' dir='ltr'><strong>ad</strong></span> <span class='ocrx_word' id='word_1_106' title='bbox 1198 3693 1254 3737; x_wconf 83' lang='lat' dir='ltr'><strong>eos</strong></span> <span class='ocrx_word' id='word_1_107' title='bbox 1270 3670 1406 3737; x_wconf 81' lang='lat' dir='ltr'><strong>Tertul-</strong></span> 
     </span>
     <span class='ocr_line' id='line_1_16' title="bbox 228 3792 1405 3881; baseline 0.002 -22"><span class='ocrx_word' id='word_1_108' title='bbox 228 3792 312 3859; x_wconf 89' lang='lat' dir='ltr'><strong>liani</strong></span> <span class='ocrx_word' id='word_1_109' title='bbox 327 3793 443 3876; x_wconf 87' lang='lat' dir='ltr'><strong>libros,</strong></span> <span class='ocrx_word' id='word_1_110' title='bbox 461 3794 520 3881; x_wconf 91' lang='lat' dir='ltr'><strong>qui</strong></span> <span class='ocrx_word' id='word_1_111' title='bbox 532 3794 749 3863; x_wconf 81' lang='lat' dir='ltr'><strong>continentur</strong></span> <span class='ocrx_word' id='word_1_112' title='bbox 763 3796 799 3862; x_wconf 91' lang='lat' dir='ltr'><strong>in</strong></span> <span class='ocrx_word' id='word_1_113' title='bbox 811 3796 968 3864; x_wconf 90' lang='lat' dir='ltr'><strong>editionis</strong></span> <span class='ocrx_word' id='word_1_114' title='bbox 980 3794 1405 3863; x_wconf 84' lang='lat' dir='ltr'><strong>Reifferscheidianae</strong></span> 
     </span>
     <span class='ocr_line' id='line_1_17' title="bbox 228 3917 1406 4007; baseline 0.004 -24"><span class='ocrx_word' id='word_1_115' title='bbox 228 3923 317 3983; x_wconf 85' lang='lat' dir='ltr'><strong>tomo</strong></span> <span class='ocrx_word' id='word_1_116' title='bbox 333 3917 441 4004; x_wconf 90' lang='lat' dir='ltr'><strong>primo</strong></span> <span class='ocrx_word' id='word_1_117' title='bbox 458 3917 560 4005; x_wconf 85' lang='lat' dir='ltr'><strong>(corp.</strong></span> <span class='ocrx_word' id='word_1_118' title='bbox 583 3919 697 4007; x_wconf 80' lang='lat' dir='ltr'><strong>script.</strong></span> <span class='ocrx_word' id='word_1_119' title='bbox 720 3920 900 3987; x_wconf 83' lang='lat' dir='ltr'><strong>ecclesiast.</strong></span> <span class='ocrx_word' id='word_1_120' title='bbox 924 3921 1001 3989; x_wconf 84' lang='lat' dir='ltr'><strong>Lat.</strong></span> <span class='ocrx_word' id='word_1_121' title='bbox 1019 3920 1085 3987; x_wconf 86' lang='lat' dir='ltr'><strong>vol.</strong></span> <span class='ocrx_word' id='word_1_122' title='bbox 1101 3921 1183 4006; x_wconf 91' lang='lat' dir='ltr'><strong>XX)</strong></span> <span class='ocrx_word' id='word_1_123' title='bbox 1208 3941 1293 3987; x_wconf 89' lang='lat' dir='ltr'><strong>anno</strong></span> <span class='ocrx_word' id='word_1_124' title='bbox 1320 3923 1406 3988; x_wconf 76' lang='lat'>1890</span> 
     </span>
     <span class='ocr_line' id='line_1_18' title="bbox 228 4042 1406 4131; baseline -0.001 -21"><span class='ocrx_word' id='word_1_125' title='bbox 228 4044 355 4131; x_wconf 90' lang='lat' dir='ltr'><strong>publici</strong></span> <span class='ocrx_word' id='word_1_126' title='bbox 378 4044 465 4111; x_wconf 88' lang='lat' dir='ltr'><strong>iuris</strong></span> <span class='ocrx_word' id='word_1_127' title='bbox 487 4045 588 4112; x_wconf 81' lang='lat' dir='ltr'><strong>facto.</strong></span> <span class='ocrx_word' id='word_1_128' title='bbox 626 4044 713 4113; x_wconf 87' lang='lat' dir='ltr'><strong>Sunt</strong></span> <span class='ocrx_word' id='word_1_129' title='bbox 736 4043 898 4112; x_wconf 85' lang='lat' dir='ltr'><strong>autemii</strong></span> <span class='ocrx_word' id='word_1_130' title='bbox 930 4044 1041 4111; x_wconf 92' lang='lat' dir='ltr'><strong>libelli</strong></span> <span class='ocrx_word' id='word_1_131' title='bbox 1072 4044 1112 4108; x_wconf 84' lang='lat' dir='ltr'><strong>de</strong></span> <span class='ocrx_word' id='word_1_132' title='bbox 1141 4042 1342 4131; x_wconf 62' lang='lat' dir='ltr'><strong>marecolis,</strong></span> <span class='ocrx_word' id='word_1_133' title='bbox 1365 4044 1406 4109; x_wconf 82' lang='lat' dir='ltr'><strong>de</strong></span> 
     </span>
     <span class='ocr_line' id='line_1_19' title="bbox 230 4168 1402 4257; baseline -0.002 -23"><span class='ocrx_word' id='word_1_134' title='bbox 230 4170 426 4254; x_wconf 79' lang='lat' dir='ltr'><strong>idololatria,</strong></span> <span class='ocrx_word' id='word_1_135' title='bbox 450 4171 495 4235; x_wconf 85' lang='lat' dir='ltr'><strong>ud</strong></span> <span class='ocrx_word' id='word_1_136' title='bbox 517 4171 658 4237; x_wconf 63' lang='lat' dir='ltr'><strong>aelmaer</strong></span> <span class='ocrx_word' id='word_1_137' title='bbox 689 4171 761 4252; x_wconf 79' lang='lat' dir='ltr'><strong>duo,</strong></span> <span class='ocrx_word' id='word_1_138' title='bbox 793 4171 833 4234; x_wconf 85' lang='lat' dir='ltr'><strong>de</strong></span> <span class='ocrx_word' id='word_1_139' title='bbox 862 4169 1033 4235; x_wconf 76' lang='lat' dir='ltr'><strong>testimonio</strong></span> <span class='ocrx_word' id='word_1_140' title='bbox 1065 4168 1203 4248; x_wconf 76' lang='lat' dir='ltr'><strong>animae,</strong></span> <span class='ocrx_word' id='word_1_141' title='bbox 1232 4170 1402 4257; x_wconf 64' lang='lat' dir='ltr'><strong>amabas,</strong></span> 
     </span>
     <span class='ocr_line' id='line_1_20' title="bbox 230 4292 1404 4386; baseline -0.003 -24"><span class='ocrx_word' id='word_1_142' title='bbox 230 4297 267 4362; x_wconf 84' lang='lat' dir='ltr'><strong>de</strong></span> <span class='ocrx_word' id='word_1_143' title='bbox 296 4292 453 4381; x_wconf 69' lang='lat' dir='ltr'><strong>oratioue,</strong></span> <span class='ocrx_word' id='word_1_144' title='bbox 491 4298 531 4363; x_wconf 83' lang='lat' dir='ltr'><strong>de</strong></span> <span class='ocrx_word' id='word_1_145' title='bbox 560 4298 729 4386; x_wconf 73' lang='lat' dir='ltr'><strong>baptismo,</strong></span> <span class='ocrx_word' id='word_1_146' title='bbox 761 4297 800 4361; x_wconf 86' lang='lat' dir='ltr'><strong>de</strong></span> <span class='ocrx_word' id='word_1_147' title='bbox 826 4296 1005 4385; x_wconf 74' lang='lat' dir='ltr'><strong>padicc&#39;tcb,</strong></span> <span class='ocrx_word' id='word_1_148' title='bbox 1037 4296 1077 4361; x_wconf 82' lang='lat' dir='ltr'><strong>de</strong></span> <span class='ocrx_word' id='word_1_149' title='bbox 1106 4297 1224 4361; x_wconf 77' lang='lat' dir='ltr'><strong>iciuucb</strong></span> <span class='ocrx_word' id='word_1_150' title='bbox 1254 4295 1404 4360; x_wconf 75' lang='lat' dir='ltr'><strong>adamus</strong></span> 
     </span>
     <span class='ocr_line' id='line_1_21' title="bbox 223 4420 1403 4512; baseline 0.001 -27"><span class='ocrx_word' id='word_1_151' title='bbox 223 4421 399 4509; x_wconf 75' lang='lat' dir='ltr'><strong>psychicos,</strong></span> <span class='ocrx_word' id='word_1_152' title='bbox 423 4421 464 4486; x_wconf 83' lang='lat' dir='ltr'><strong>de</strong></span> <span class='ocrx_word' id='word_1_153' title='bbox 482 4423 599 4486; x_wconf 70' lang='lat' dir='ltr'><strong>aalma.</strong></span> <span class='ocrx_word' id='word_1_154' title='bbox 623 4421 778 4511; x_wconf 90' lang='lat' dir='ltr'><strong>Denique</strong></span> <span class='ocrx_word' id='word_1_155' title='bbox 795 4421 985 4512; x_wconf 86' lang='lat' dir='ltr'><strong>appendicis</strong></span> <span class='ocrx_word' id='word_1_156' title='bbox 1000 4421 1072 4488; x_wconf 90' lang='lat' dir='ltr'><strong>loco</strong></span> <span class='ocrx_word' id='word_1_157' title='bbox 1088 4443 1274 4510; x_wconf 89' lang='lat' dir='ltr'><strong>perpaucas</strong></span> <span class='ocrx_word' id='word_1_158' title='bbox 1290 4420 1403 4489; x_wconf 91' lang='lat' dir='ltr'><strong>addidi</strong></span> 
     </span>
    </p>
   </div>
   <div class='ocr_carea' id='block_1_6' title="bbox 281 4546 1295 4600">
    <p class='ocr_par' dir='ltr' id='par_1_7' title="bbox 281 4546 1295 4600">
     <span class='ocr_line' id='line_1_22' title="bbox 281 4546 1295 4600; baseline -0.002 -13"><span class='ocrx_word' id='word_1_159' title='bbox 281 4546 431 4597; x_wconf 63' lang='lat' dir='ltr'><strong>comperi,</strong></span> <span class='ocrx_word' id='word_1_160' title='bbox 448 4546 582 4588; x_wconf 76' lang='lat' dir='ltr'><strong>Tertullian.</strong></span> <span class='ocrx_word' id='word_1_161' title='bbox 1281 4548 1295 4600; x_wconf 88' lang='lat'>1</span> 
     </span>
    </p>
   </div>
   <div class='ocr_carea' id='block_1_7' title="bbox 0 0 1638 5209">
    <p class='ocr_par' dir='ltr' id='par_1_8' title="bbox 0 0 1638 5209">
     <span class='ocr_line' id='line_1_23' title="bbox 0 0 1638 5209; baseline 0 2"><span class='ocrx_word' id='word_1_162' title='bbox 0 0 1638 5209; x_wconf 95' lang='lat' dir='ltr'><strong> </strong></span> 
     </span>
    </p>
   </div>
  </div>
 </body>
</html>
