3267 5209
214 356 286 421 16,

149 522 154 533 ’
210 551 268 617 pon
290 534 454 619 snnuipsu
477 556 533 597 nos
554 534 727 619 inquinant,
750 532 807 597 ad
816 557 878 620 per
900 555 938 595 eu
961 556 1041 617 quae
1056 532 1125 598 illic
1137 544 1300 620 ponuntur,
1316 554 1390 620 pon·

211 676 305 741 quoa
327 652 439 719 simui
461 653 784 741 inquinamentum
798 655 1067 743 combiberunt,
1083 674 1169 725 tunc
1191 672 1390 725 sitantum

211 780 309 847 niter
324 806 386 845 ore
400 796 538 869 spuunt
553 779 587 847 A
599 804 606 865 ;
618 804 686 867 per-
696 806 776 867 quae
791 783 885 847 amul
899 782 1166 868 inquinamentum
1180 786 1389 867 combiberint,

210 920 281 971 uino
305 922 333 973 ct
355 907 389 971 in
412 906 527 970 uuerco
550 922 701 991 respuunt
722 907 762 973 B.

301 1030 395 1114 Quae
425 1033 455 1099 B
485 1035 628 1121 praebet
657 1031 744 1097 nihil
772 1054 844 1099 esse
873 1024 941 1100 uisi
966 1031 1181 1119 Agebardini
1211 1032 1389 1101 lectionem

211 1155 369 1243 Gangnei
391 1156 635 1224 mutationibus
658 1155 891 1223 omissionibus
918 1156 1146 1224 additionibus
1169 1157 1388 1245 depravatam

211 1282 294 1349 satis
316 1282 434 1369 liquet.
471 1281 560 1349 Nam
582 1280 682 1367 plane
705 1280 792 1349 illud
827 1296 946 1347 cauum
968 1304 1064 1349 nemo
1091 1281 1228 1349 librarii
1252 1281 1388 1368 ingenio

211 1407 393 1492 adscribet3
417 1428 524 1496 neque
548 1429 630 1473 vero
656 1404 721 1473 dici
742 1412 884 1493 possunt
907 1408 1002 1472 altari
1015 1406 1173 1485 heminae,
1199 1428 1272 1472 cum
1287 1399 1389 1472 antea

210 1533 252 1601 de
275 1532 357 1602 loeis
379 1540 513 1601 tantum
535 1556 644 1601 sermo
660 1533 778 1601 fuerit.
804 1532 1057 1600 Exordiendum
1080 1532 1193 1620 igitur
1213 1538 1265 1598 eet
1285 1533 1326 1597 ab
1341 1529 1385 1596 A.
1498 1505 1501 1510 ¹

209 1660 258 1727 Et
280 1660 427 1749 primum
462 1658 595 1747 quidem
619 1659 706 1726 illud
734 1673 854 1725 tamum
877 1681 989 1726 omnes
1013 1658 1183 1746 hucusque
1205 1656 1276 1723 viri
1298 1654 1388 1724 docti

210 1791 446 1853 mutaverunt:
459 1788 570 1852 denunt
581 1786 718 1874 scripsit
730 1787 770 1853 E.
784 1788 1041 1866 Klussmannus,
1056 1797 1084 1848 et
1094 1797 1188 1849 totum
1195 1781 1385 1858 Hartclius,

210 1912 304 1977 εοίοοο
326 1909 580 1978 Reifferscheid.
620 1910 755 1975 Tantum
778 1916 892 1976 autem
915 1909 999 1974 mihi
1030 1906 1162 1995 quidem
1193 1928 1267 1970 cum
1290 1925 1388 1992 prae·

211 2036 427 2104 cadentitunc
442 2035 566 2123 optime
591 2036 770 2102 convenire
794 2032 942 2102 videtur.
967 2034 1056 2098 Tunc
1078 2040 1191 2099 autem
1207 2029 1387 2117 respondet

211 2161 427 2249 praecedenti
442 2160 497 2227 illi
512 2161 616 2244 simul,
644 2183 743 2248 quam
758 2161 799 2227 ob
817 2166 941 2227 ramat
962 2172 1110 2244 quereum
1127 2156 1271 2244 aliquod,
1296 2156 1385 2243 quod

211 2287 417 2354 vocitantem
429 2286 683 2375 respondentia
695 2284 986 2374 prioribuslatcre
998 2281 1388 2371 suspiceris.Sedquam·

211 2434 310 2506 quam
341 2428 369 2478 et
403 2427 568 2499 quantum,
603 2412 691 2501 quod
722 2418 965 2499 exspectemus,
1002 2409 1051 2476 ibi
1086 2430 1152 2474 non
1186 2406 1384 2487 invenimus,

212 2538 356 2625 legimus
372 2546 485 2606 tamen
502 2541 777 2625 inquinamentum,
791 2538 888 2627 quod,
905 2536 1108 2625 praesertim
1130 2534 1160 2601 si
1177 2534 1338 2606 {ovilem
1349 2532 1386 2597 in

212 2664 321 2732 codice
352 2665 429 2747 fuit,
466 2665 549 2731 satis
572 2665 672 2733 facilc
695 2688 736 2732 ex
771 2666 929 2737 &arsuri
956 2662 1048 2728 nasci
1073 2659 1200 2748 potuit,
1231 2657 1386 2745 quoniam

211 2790 326 2880 paullo
362 2798 440 2859 ante
462 2791 628 2858 librarius
659 2792 793 2878 legerat
831 2794 1002 2877 inquinuu.
1032 2830 1077 2838 —
1107 2788 1193 2854 Tum
1226 2784 1313 2874 quod
1344 2784 1385 2850 dc

212 2918 425 2985 combibendo
450 2925 484 2985 et
507 2919 692 3005 respuendo
714 2918 769 2984 hic
792 2917 921 3005 agitur,
945 2915 1074 2997 suadet,
1106 2920 1147 2980 ut
1165 2908 1379 2999 Agobardini

213 3070 265 3109 ore
287 3066 469 3112 servemus.
494 3046 614 3132 Itaque
637 3044 720 3110 haec
744 3040 993 3108 Tertullianum
1025 3036 1196 3124 scripsisse
1220 3034 1387 3122 suspicor:

215 3208 259 3218 —
274 3170 358 3256 quod
372 3194 434 3235 non
446 3194 506 3256 per
529 3170 691 3256 semetipsa
714 3191 770 3231 nos
791 3166 952 3251 inquinent
968 3164 1055 3247 (loca
1069 3162 1170 3246 scil),
1195 3159 1250 3223 aad
1271 3181 1329 3242 per
1351 3182 1388 3220 εο

213 3318 292 3379 quoe
315 3294 385 3357 illic
402 3306 564 3381 ponuntur,
596 3292 709 3382 [per]
733 3317 844 3379 quun,
868 3290 980 3354 simul
1003 3304 1036 3353 ct
1059 3299 1238 3372 quantun
1260 3284 1388 3348 conubi-

213 3421 358 3501 berunt,
383 3433 468 3483 tunc
483 3434 515 3483 et
530 3432 674 3484 tantuin
689 3418 874 3500 uiter<no>
892 3440 953 3479 ore
970 3414 1211 3497 <rc>spuuut
1239 3408 1385 3474 Alterno

214 3566 281 3625 ore,
307 3543 339 3609 h.
359 3566 385 3609 e.
412 3544 525 3610 eodem
548 3566 615 3625 ore,
640 3544 763 3632 quippe
787 3542 875 3630 quod
897 3562 985 3605 nunc
1009 3536 1175 3603 combibat
1196 3534 1280 3618 (scil.
1302 3554 1387 3620 quae

213 3673 407 3757 geruntur),
425 3694 521 3754 nunc,
540 3694 626 3760 quae
642 3670 849 3750 combiberit,
875 3666 943 3733 iam
958 3668 1114 3751 respuat:
1138 3661 1174 3727 id
1189 3659 1278 3748 quod
1298 3658 1389 3723 forte

212 3793 444 3881 ludimagistri
476 3795 643 3860 dicerent:
682 3793 746 3859 mit
784 3791 1056 3859 abwechselnder
1086 3786 1388 3874 Mundthiitigkeit.

213 3922 306 3994 Illud
329 3927 442 3988 autem
463 3947 531 4009 per,
556 3921 644 4007 quod
657 3920 788 3987 uncinis
812 3917 942 3997 seclusi,
966 3916 1130 3982 iteratum
1154 3934 1225 3978 esse
1249 3910 1389 3976 videtur

214 4070 255 4111 ex
285 4046 578 4135 praecedentibus:
606 4071 667 4133 pen
697 4072 734 4110 εο
757 4071 845 4132 quae.
878 4045 930 4111 De
957 4042 1123 4109 similibus
1149 4036 1389 4106 iterationibus

213 4173 250 4237 in
272 4196 327 4260 pp.
344 4176 407 4240 231
434 4179 469 4240 et
492 4176 557 4240 232
580 4172 658 4239 vide
681 4171 773 4238 infre.
795 4195 827 4259 p.
845 4175 898 4238 48.

103 4287 105 4295 ¹
304 4336 346 4344 ——
352 4322 415 4386 pen
426 4298 608 4382 quaerimul
619 4297 885 4382 inquinamentum
898 4294 1158 4379 (acquantum)
1173 4289 1388 4368 condiderunt,

214 4434 285 4485 tuuc
309 4435 336 4484 ot
359 4436 479 4487 tuntum
501 4423 601 4486 ultro
623 4436 773 4509 respuunt
794 4420 927 4486 mavult
951 4418 1134 4485 Stowass
