3267 5209
208 396 249 465 14

243 568 245 571 ·
293 566 343 643 nl
365 578 481 664 pane,
496 576 580 643 ems
604 562 720 642 cama
734 559 864 664 quoque
896 576 1256 645 northmannia
1288 579 1385 645 noan

207 704 311 781 esset,
331 698 509 765 secundam
525 697 782 786 explicationem
797 700 1028 787 probaremus,
1053 699 1250 769 Hartelium
1266 701 1390 783 secuti,

206 824 265 912 qui
288 824 327 905 (I,
353 848 384 911 p.
404 824 465 909 19)
484 823 533 889 de
556 814 618 888 huo
642 845 679 888 re
703 823 751 888 sio
774 823 919 892 iudiaat:
963 826 1094 905 ,Wenn
1117 825 1316 911 irgendwo,
1350 842 1389 891 so

205 951 295 1039 liegt
319 974 354 1018 es
377 952 454 1017 hier
475 949 555 1017 klar
576 974 648 1033 vor,
664 949 751 1017 dass
771 940 865 1016 'disse
880 950 1006 1016 Lesart
1028 950 1164 1036 desAg.
1178 950 1387 1034 (mortuarii)

210 1099 270 1142 aus
302 1076 522 1144 Unverstand
556 1072 712 1143 entstellt
743 1078 861 1143 wurde
901 1116 954 1143 —-.
989 1077 1082 1145 Weil
1119 1077 1172 1143 die
1206 1078 1384 1164 singultire

207 1204 374 1289 Bildnng:
405 1194 614 1269 mortuarius
631 1202 839 1270 'Befremden
853 1214 858 1239 ’
871 1209 1025 1291 erregte,
1059 1195 1285 1271 vernasserte
1308 1226 1386 1269 man

208 1328 257 1396 sie
272 1327 382 1395 lieber
397 1327 504 1394 durah
521 1328 585 1393 den
604 1322 745 1393 Zusatz:
769 1328 861 1394 varii
876 1328 946 1412 (oui
963 1334 1165 1414 argumento
1181 1328 1387 1416 adstipulari

207 1476 354 1543 nequeo,
400 1476 477 1519 nam
512 1453 541 1518 si
579 1452 653 1540 quis
695 1442 865 1517 mortuarii
901 1454 982 1542 qnid
1025 1454 1071 1522 sit
1100 1455 1246 1536 neseiat,
1274 1455 1385 1542 plane

207 1581 380 1647 mortuaria·
412 1580 499 1644 varii
526 1579 633 1644 nihilo
665 1577 774 1665 magis
804 1579 1009 1666 intelleget).
1056 1581 1155 1646 Denn
1193 1580 1270 1646 ihre
1301 1580 1387 1646 Ver·

208 1702 439 1774 sohiedenheit
461 1727 503 1769 zu
525 1705 670 1770 helenen
692 1725 766 1770 war
789 1703 867 1769 hier
890 1702 990 1769 keine
1006 1703 1275 1789 Veranlassung.
1301 1705 1387 1771 Wer

209 1832 299 1898 diese
334 1828 775 1914 wuoherndenBildungen
800 1829 864 1894 auf
892 1829 1032 1894 -arius
1066 1828 1286 1911 iibersohaut,
1322 1813 1387 1895 wie

210 1959 258 2027 sie
282 1957 432 2038 Rdnsoh,
468 1957 512 2022 It.
523 1966 562 2021 11.
580 1953 686 2040 Vulg.
705 1952 737 2020 S.
758 1953 866 2021 131ff.
891 1978 934 2019 zu
958 1953 1057 2018 Hauf
1084 1952 1266 2039 gebracht,
1298 1951 1387 2017 wird

211 2086 266 2153 ein
305 2083 529 2162 mortuarios,
547 2119 551 2125 =
567 2081 685 2147 dessen
708 2079 872 2146 Existenn
909 2079 1026 2145 nudem
1062 2078 1115 2144 die
1154 2077 1388 2144 romanisehen

210 2209 384 2296 Spraehen
407 2207 611 2293 verbiirgen,
636 2205 697 2271 fiir
722 2204 816 2271 Tert.
841 2202 935 2270 nioht
957 2202 1080 2268 missen
1103 2202 1254 2269 wollen.“

214 2326 219 2334 ⁴
300 2336 430 2403 Verum
461 2333 601 2414 aceedit,
641 2338 682 2399 ut
713 2330 874 2412 diximuS,
907 2329 993 2416 quod
1026 2327 1052 2393 C
1083 2350 1213 2414 quoque
1249 2328 1389 2414 praebet

211 2458 517 2527 tnortaoram'voro'i.
563 2455 605 2522 ld
621 2461 734 2522 autem
750 2454 849 2542 plane
870 2473 991 2540 parum
1014 2450 1199 2517 verisimile
1216 2459 1277 2531 est,
1302 2454 1390 2541 quod

210 2570 301 2653 haud
312 2585 378 2651 seio
389 2606 432 2648 an
444 2564 746 2670 aliquis'opinetur,
757 2585 792 2646 et
805 2577 937 2663 Gangn.
953 2582 986 2643 et
997 2576 1081 2642 libri
1089 2576 1191 2643 Clam.
1209 2577 1389 2644 librarium

211 2712 325 2781 eadem
356 2710 548 2776 coniectura
579 2726 656 2772 usos
694 2718 884 2769 naorluornm
911 2702 998 2765 varii
1026 2724 1089 2788 pro
1117 2703 1288 2765 onorlnora'i·
1307 2704 1394 2766 oorit'

211 2839 396 2926 suspicatos
420 2858 501 2902 esse.
538 2835 585 2900 Et
609 2828 806 2921 quoniamC
832 2851 873 2894 ex
895 2828 968 2916 ipso
991 2825 1178 2914 archetypo
1212 2827 1390 2893 defluxisse

213 2972 248 3033 et
282 2986 386 3051 supra
424 2961 491 3028 iam
530 2959 676 3026 diximus
722 2963 757 3024 et
795 2955 888 3021 infra
925 2953 1034 3018 fusius
1076 2951 1389 3030 demonstrabimus

212 3091 277 3155 duo
301 3092 434 3153 restant
456 3084 554 3166 modi,
580 3083 701 3173 quibus
724 3081 844 3147 miram
868 3080 953 3145 hano
980 3100 1051 3143 rem
1075 3076 1244 3164 explicare
1269 3076 1391 3164 aliquis

212 3212 326 3303 possit.
358 3212 433 3278 Aut
463 3209 550 3276 enim
585 3207 776 3294 suspicetur
809 3226 939 3271 neeesse
976 3208 1028 3268 est
1059 3202 1191 3288 Gangn.
1226 3201 1286 3267 hoc
1320 3201 1391 3267 looo

213 3338 316 3405 etiam
332 3336 435 3403 tertio
459 3335 601 3423 quodam
625 3331 743 3412 oodioe,
770 3335 805 3396 et
821 3326 969 3394 eiusdem
984 3325 1118 3413 quidem
1142 3325 1270 3414 stirpis,
1296 3326 1391 3392 ouius

213 3464 239 3531 O
257 3469 317 3546 est,
343 3485 440 3528 usum
457 3482 537 3541 esse,
564 3482 605 3525 ex
621 3480 685 3545 quo
702 3455 789 3522 illud
801 3468 991 3517 rnortoorum
1006 3450 1094 3514 varii
1106 3450 1312 3535 motaverit,
1331 3460 1392 3519 aut

214 3589 372 3657 oonoedat
394 3588 480 3653 hano
497 3584 674 3652 lectionem
694 3582 918 3670 archetypum
933 3601 1064 3668 quoque
1085 3577 1292 3665 praebuisse.
1318 3577 1392 3659 Quo

213 3736 363 3783 concesso
381 3713 468 3779 hano
485 3709 738 3799 explieationem
755 3730 810 3774 res
828 3705 1018 3773 admittant.
1047 3703 1130 3771 Fuit
1153 3705 1190 3770 in
1205 3703 1392 3792 archetypo

213 3836 508 3918 narlooraon'oorii,
521 3835 607 3923 quod
621 3841 655 3900 et
668 3834 694 3901 O
709 3840 745 3900 et
757 3833 891 3919 Gangn.
906 3832 1008 3898 oodex
1020 3836 1214 3896 servarunt.
1240 3828 1393 3896 Librarii

215 3972 345 4043 autem,
371 3961 429 4050 qui
451 3958 519 4047 Ag.
546 3957 719 4040 exaravit,
757 3956 872 4023 oculus
905 3960 1063 4021 consueto
1092 3975 1185 4019 more
1218 3955 1394 4020 aberravit

215 4088 373 4175 apriore
402 4112 423 4151 a
446 4085 488 4152 ad
511 4085 672 4167 alterum3
711 4082 827 4169 itaque
858 4081 976 4147 effecta
1008 4086 1060 4147 est
1090 4080 1189 4147 lectio
1217 4082 1392 4163 oportuerit,

183 4260 185 4267 -
215 4235 314 4301 quam
338 4211 470 4297 Gangn.
495 4232 568 4275 oum
596 4221 786 4271 ntorlaorom
810 4205 898 4268 oaldi
922 4205 1172 4286 contaminavit,
1191 4203 1250 4292 qui
1270 4205 1305 4270 in
1321 4205 1395 4292 ipsa

215 4336 362 4403 editione
393 4334 545 4423 reposuit
572 4332 740 4397 monnarii
767 4332 861 4414 norit,
884 4330 920 4396 in
944 4329 1097 4415 margine
1134 4334 1247 4394 autem
1274 4328 1395 4395 oodiois

216 4462 269 4531 sui
292 4461 469 4527 lectionem
492 4459 653 4526 enotavit.
