3267 5209
1327 368 1371 431 35

195 544 240 607 od
262 544 422 608 domnum
445 542 568 607 muidin
584 544 707 607 enoinue
721 558 896 629 martyrum
912 545 968 607 rub
985 543 1099 607 altam:
1119 541 1261 619 Qzeorunm
1276 566 1372 627 ‘enque
1475 583 1479 589 ·

193 694 254 732 non
286 668 459 749 nletreem'e,
489 668 625 749 donzine,
654 669 836 755 sanquinem
867 682 1005 738 nourum
1035 667 1076 730 de
1103 667 1215 731 ineolis
1249 668 1372 732 terroe?

194 792 278 853 Num
311 793 415 877 nuque
446 790 523 855 ultio
553 791 681 857 illorum
711 816 731 854 o
754 792 902 855 soeculi
920 791 1012 877 fine
1039 792 1238 878 diripitur.
1273 792 1372 855 Immo

198 940 291 1001 quem
306 915 441 979 celeriter
456 915 568 995 ueniat,
585 914 716 995 domine,
734 929 861 1001 reginum
878 929 973 997 runnu,
991 930 1091 980 uotum
1110 913 1371 997 Odrietiunorum,

198 1039 335 1125 confusio
351 1040 521 1120 nationum,
538 1040 687 1105 exultatio
703 1040 892 1127 unpedorum,
903 1054 1032 1128 propter
1048 1041 1131 1125 qnod
1146 1041 1370 1127 mastinomur,

198 1166 284 1226 inuno
300 1166 409 1251 potine
426 1176 559 1251 propter
583 1164 667 1249 quod
690 1188 824 1229 oremus.

282 1286 427 1357 Plenum
449 1284 561 1372 lgitur
585 1292 636 1352 est
659 1286 699 1351 de
723 1286 849 1353 saeculi
871 1293 1050 1374 protreetu
1073 1288 1128 1353 hio
1151 1288 1219 1374 ogi,
1243 1288 1265 1353 i.
1287 1312 1314 1355 e.
1332 1290 1373 1355 de

194 1412 256 1479 die
288 1411 377 1494 ille,
410 1434 494 1497 quse
523 1412 653 1479 solvet
677 1412 849 1479 saeelum
871 1412 912 1477 in
942 1412 1100 1478 favilla.
1141 1413 1257 1500 Neque
1291 1435 1371 1478 veno

193 1538 365 1627 hueusque
388 1539 458 1604 viri
483 1538 572 1606 dooti
587 1540 637 1605 lto
660 1540 769 1605 loeum
792 1538 1012 1627 interpretati
1029 1544 1117 1604 sunt.
1142 1530 1314 1605 Cuius'rei
1330 1577 1373 1585 -

199 1663 283 1728 satis
305 1663 420 1743 mirae,
446 1670 484 1731 ut
509 1664 629 1751 opinor
644 1662 810 1730 -eltera
834 1685 933 1730 oeusa
957 1664 1039 1729 lmeo
1061 1669 1126 1745 est,
1152 1664 1239 1751 quod
1263 1663 1375 1730 altera

197 1787 358 1873 quaedam
374 1785 474 1853 leetio
496 1792 608 1853 exstat
623 1786 657 1851 in
670 1787 710 1851 B.
735 1786 800 1855 Est
815 1791 930 1851 eutem
945 1786 1045 1854 haee:
1073 1786 1230 1865 eunium
1246 1785 1374 1871 quidum

192 1925 424 1999 pertractum
437 1911 592 1995 quendam
605 1912 644 1974 in
656 1910 779 1975 ruendo
785 1910 969 1998 postulunt?
981 1910 1029 1976 Et
1034 1925 1231 1998 protractum
1241 1910 1373 1997 quidem

196 2050 462 2123 properandum
486 2042 669 2101 servarunt
684 2034 868 2121 Rigaltius,
897 2034 1119 2117 Muratoriu's',
1144 2034 1289 2101 Fulvius
1309 2037 1375 2102 Ur-

197 2161 305 2244 sinus;
331 2160 411 2226 ilem
429 2159 524 2225 Oehl.
548 2158 642 2225 Illud
672 2160 706 2223 in
734 2159 899 2225 antemio
919 2157 952 2224 A
973 2182 1038 2225 non
1058 2165 1191 2226 exstare
1211 2162 1374 2247 usquead

196 2286 466 2355 Reiffersoheidii
498 2287 677 2354 editionem
708 2302 802 2355 nemo
825 2287 965 2355 videtur
988 2277 1274 2355 animadvertisse:
1305 2287 1375 2369 Qui

196 2412 348 2479 breviter
364 2412 521 2479 adnotet:
538 2416 573 2477 in
589 2438 651 2481 om.
664 2414 708 2479 A.
720 2413 816 2496 Quae
832 2414 1109 2481 adnotatiuncula
1119 2414 1230 2501 ipsum
1245 2435 1375 2501 quoque

196 2537 406 2619 Hartelium,
446 2539 504 2626 qui
538 2546 615 2626 post
647 2540 748 2605 Reiff.
782 2539 961 2607 editionem
996 2539 1105 2606 fusius
1140 2540 1180 2604 de
1212 2538 1271 2604 hoo
1303 2539 1375 2603 loeo

197 2662 359 2730 disseruit
370 2664 444 2745 (IV,
462 2687 494 2751 p.
507 2666 550 2749 1),
569 2664 698 2751 fugisse
713 2663 862 2731 videtur.
880 2666 1000 2751 Itaque
1017 2686 1121 2753 neque
1131 2664 1167 2732 id
1180 2663 1375 2748 intellegere

196 2792 356 2874 poterent
376 2786 445 2851 viri
461 2786 559 2869 dooti,
582 2788 673 2876 loqui
691 2788 752 2853 hoo
768 2788 838 2854 loeo
854 2790 952 2855 Tert.
969 2789 1009 2855 de
1029 2795 1207 2876 protractu
1229 2790 1374 2871 seeoull;

196 2933 274 2977 nam
286 2918 321 2978 et
334 2911 370 2991 ii,
384 2913 443 3001 qui
453 2929 644 3000 quoeraemm
657 2916 850 2996 servabant,
865 2916 904 2980 de
916 2922 1094 3003 protractu
1106 2915 1375 2982 vitaehumanae

196 3040 236 3105 in
260 3039 394 3107 seeoulo
418 3062 601 3106 sermonem
624 3062 693 3107 esse
717 3040 953 3128 opinabantur,
978 3047 1019 3107 ut
1041 3039 1216 3107 Oehlerus.
1241 3040 1293 3105 De
1309 3050 1376 3105 uno

199 3161 353 3249 Rigaltio
377 3163 528 3231 dubitari
556 3171 666 3253 potest
691 3188 734 3232 an
757 3176 848 3233 reete
872 3166 1031 3247 senserit,
1065 3171 1104 3231 ut
1133 3165 1191 3252 qui
1221 3155 1374 3230 adnotet:

203 3294 358 3367 „orentes
389 3310 450 3373 pro
480 3311 574 3355 mora
604 3288 713 3354 finis“.
747 3289 811 3355 Ios.
840 3296 953 3355 autem
978 3286 1131 3376 Scaliger
1155 3313 1218 3377 per
1239 3302 1373 3352 tranum

199 3409 346 3496 scripsit,
372 3411 459 3497 quod
483 3410 584 3477 Reiff.
606 3410 794 3477 intextum
818 3436 915 3477 suum
934 3411 1069 3500 recepit.
1091 3412 1269 3479 Hartelius
1295 3435 1376 3479 vero

198 3533 236 3617 (l.
254 3534 295 3617 e.)
315 3534 362 3600 sio
376 3534 523 3602 seribere
535 3535 662 3601 voluit:
692 3535 850 3613 Quomodo
861 3536 1207 3624 puidampertoetum
1221 3536 1377 3621 quendem

198 3664 234 3727 in
245 3660 367 3725 soeculo
374 3660 558 3747 postulant?
575 3658 647 3747 ipse
663 3661 791 3729 seilicet
809 3661 973 3729 adnotans
988 3684 1100 3729 voeem
1115 3675 1275 3750 putemur
1290 3662 1375 3727 alies

198 3806 362 3872 nusquam
385 3790 528 3849 exstare.
562 3783 622 3850 Sio'
641 3784 909 3871 interpretatur:
934 3784 1104 3866 Quomodo
1128 3788 1311 3874 postulent,
1335 3795 1376 3853 ut

200 3933 341 3997 regnum
366 3908 420 3975 dei
443 3908 480 3973 in
502 3910 634 3976 seeoulo
658 3910 897 3997 quodammodo
920 3911 1143 3999 pertingant?

289 4036 400 4103 Causa
431 4041 542 4102 autem
571 4036 768 4124 praeeipua,
801 4038 843 4102 ob
875 4061 974 4125 quam
1007 4038 1096 4105 huno
1125 4039 1234 4105 looum
1266 4061 1377 4103 omnes

199 4160 271 4226 fere
295 4159 364 4225 viri
385 4159 485 4224 -dooti
508 4182 627 4245 parum
655 4160 872 4242 intellexere,
898 4161 1042 4248 petenda
1070 4168 1122 4228 est
1145 4185 1165 4227 e
1189 4161 1374 4243 sententiis,

201 4306 285 4371 quae
297 4282 507 4351 antecedunt.
526 4281 581 4349 Sie
597 4282 685 4348 enim
699 4282 822 4371 incipit
836 4289 954 4370 eaput:
972 4302 1093 4348 vnum
1109 4309 1226 4369 quoque
1241 4278 1376 4350 neuneu

200 4428 288 4472 rvvu
320 4408 364 4472 od
395 4407 431 4471 id
455 4410 690 4495 pertinetque
721 4422 765 4473 et:
795 4428 870 4471 mm
902 4426 1068 4473 vonimus
1100 4424 1173 4495 rvi,
1208 4412 1244 4474 in
1274 4412 1379 4475 nob-ie
