3267 5209
200 344 242 408 74

198 516 394 585 adversario
426 523 515 609 ‘suos‘
555 516 749 603 Distinguit
780 540 862 604 ergo
886 518 987 607 ipset.
1001 520 1081 583 Tum
1104 520 1135 581 si
1159 520 1194 582 in
1217 517 1377 582 (diabolum

198 640 392 727 traafferuar
422 642 602 706 aduersarii
631 644 752 724 moreio,
785 668 824 706 err
853 645 1062 707 observatione
1085 642 1169 727 (soil.
1190 641 1376 732 praecepti)

199 767 359 829 cornr'taato
382 791 450 829 eura
472 766 532 830 ,210
555 806 599 814 -
623 769 756 831 rmneris
781 769 861 831 inire
883 769 1090 834 remordeant.

289 889 336 956 Et
358 890 393 967 id
417 890 550 977 quidem
575 897 665 958 reete
682 891 864 959 Oehlerum
886 893 1027 959 sensisse
1051 892 1268 976 crediderim,
1292 892 1379 958 illud

199 1017 362 1089 comitante
391 1015 434 1081 ad
463 1016 709 1085 eomitationem
742 1016 776 1083 in
801 1017 860 1085 via
883 1018 1099 1084 referendum
1123 1040 1204 1084 esse.
1236 1016 1377 1083 Omnino

200 1146 313 1205 autem
336 1139 419 1206 haee
444 1140 549 1207 verba
574 1141 776 1208 eonferenda
799 1149 880 1209 sunt
903 1166 976 1209 eum
1000 1142 1059 1223 iis,
1086 1141 1207 1231 quibus
1230 1142 1379 1230 priorem

199 1264 515 1351 interpretationem
545 1264 731 1343 induxerat
762 1266 856 1333 Tert.
886 1266 979 1333 ⁴Sunt
1009 1273 1122 1333 autem
1155 1268 1254 1333 haee:
1284 1304 1327 1313 —
1352 1280 1379 1329 et

201 1390 337 1451 ethnicos
359 1390 447 1452 homo
471 1390 674 1457 armarius
697 1404 800 1455 noster
824 1405 876 1473 ert,
892 1392 1037 1477 <incederes
1052 1393 1086 1455 in
1102 1392 1209 1455 eudem
1225 1394 1276 1455 eia
1298 1392 1380 1455 ortua

201 1514 378 1577 ceremonia.
412 1514 477 1580 Hio
500 1514 610 1601 igitur
632 1537 699 1580 non
722 1515 758 1582 id
781 1523 914 1583 tantum
931 1516 1087 1597 ostendit,
1113 1516 1283 1582 ethnicum
1308 1538 1379 1581 esse

201 1639 435 1705 adversarium
473 1639 509 1709 in
547 1639 604 1704 via
645 1639 875 1723 comitantem,
909 1641 967 1707 sed
1002 1647 1038 1707 et
1075 1641 1236 1728 quomodo
1273 1662 1380 1706 eomes

200 1762 267 1828 diei
289 1763 406 1849 possit,
433 1764 548 1829 verbis
564 1764 709 1831 scilieet:
737 1767 768 1828 ia
792 1766 899 1829 eodem
922 1767 974 1829 eia
990 1767 1071 1829 m'too
1094 1767 1271 1829 commonui.
1297 1765 1379 1831 Tale

201 1908 283 1962 vero
301 1886 463 1954 orationis
478 1891 663 1956 membrum
678 1889 749 1956 loeo
771 1896 897 1971 nostro,
914 1898 954 1957 ut
969 1891 1073 1977 vulgo
1089 1889 1222 1977 quidem
1238 1888 1378 1975 legitur,

201 2010 340 2083 videtur
363 2011 485 2078 deesse.
526 2012 620 2095 Quae
645 2037 719 2079 eum
742 2015 792 2081 ita
816 2015 901 2095 sint,
927 2014 989 2081 hae
1009 2013 1222 2106 potissimum
1247 2012 1380 2080 ratione

203 2135 299 2201 Tert.¹
327 2138 432 2203 verba
455 2137 593 2205 restitui
625 2162 720 2227 posse
745 2140 956 2227 putaverim:
992 2140 1073 2204 Tam
1101 2141 1134 2202 si
1159 2141 1193 2203 io
1221 2138 1382 2216 diabolum

201 2259 394 2346 transfertur
417 2262 597 2326 aduersarii
621 2265 742 2355 ruentia,
767 2288 806 2327 ece
822 2265 1029 2328 observatione
1051 2266 1277 2345 morantem,
1311 2286 1381 2326 eam

201 2384 260 2449 illo
284 2410 401 2471 quoque
424 2390 557 2451 timearis
581 2413 648 2454 eura
671 2390 753 2464 inire
783 2389 982 2453 corcordiam
1004 2428 1056 2453 -.
1089 2388 1184 2470 Quae
1215 2388 1381 2454 vertendo

201 2510 320 2577 melius
340 2534 439 2599 quam
455 2512 712 2601 interpretando
723 2555 727 2559 ,
738 2514 1010 2605 expiioabuntur:
1027 2553 1070 2559 —
1087 2514 1150 2579 aui
1169 2513 1234 2579 den
1251 2512 1379 2594 Teuiel,

202 2639 263 2703 der
275 2636 313 2723 ja
337 2636 488 2705 insofern
511 2637 589 2703 dein
606 2638 782 2725 Begleiter
795 2639 926 2706 -heissen
949 2638 1051 2720 kann,
1075 2638 1125 2704 sis
1143 2661 1181 2704 er
1197 2636 1274 2703 dioh
1296 2644 1381 2703 stets

201 2762 274 2828 mit
296 2761 435 2827 seinen
459 2760 783 2849 Spaherblioken
807 2763 983 2850 begleitet.
1044 2816 1047 2819 .

292 3036 318 3077 o.
336 3016 388 3094 37,
413 3034 445 3099 p.
464 3015 539 3094 363,
563 3038 595 3079 v.
613 3017 673 3079 22:
699 3013 750 3079 De
776 2966 938 3100 mysterio
963 3013 1122 3101 quodam,
1159 3013 1247 3101 quod
1265 3018 1380 3099 putat,

203 3136 385 3203 disserens:
401 3151 434 3201 ot
446 3126 549 3201 docem
561 3163 677 3201 orroeos
686 3136 768 3224 (seii.
779 3138 870 3205 inter
882 3138 990 3204 fetum
1002 3144 1196 3225 conceptum
1208 3144 1244 3203 et
1255 3138 1383 3204 editum

203 3262 435 3348 decurrentes)
459 3262 638 3349 doealopo
661 3264 763 3348 erupis
785 3265 974 3348 inruperant
999 3302 1041 3309 -
1059 3262 1221 3343 homoinem,
1244 3277 1278 3325 ut
1298 3276 1383 3326 tuoto

202 3388 347 3473 teroporis·
363 3412 490 3450 moriere
506 3412 680 3468 nascamur,
700 3402 813 3473 quarata
830 3388 1018 3475 decepi-inae
1034 3411 1159 3449 nmnero
1177 3389 1380 3451 renaseimur.

205 3556 208 3565 -
292 3510 447 3577 Scribere
470 3512 548 3579 vult
570 3512 671 3577 Hart.
690 3511 763 3596 (IV,
783 3511 906 3599 p.1i4):
933 3511 1012 3595 (de)
1038 3511 1186 3597 decaloqo
1205 3511 1257 3577 ,sie
1280 3534 1382 3597 argu·

203 3641 390 3713 mentetua:
427 3637 509 3717 „Die
540 3636 792 3723 Hinzufiigung
814 3660 881 3703 von
905 3637 944 3700 do
966 3636 1012 3704 ist
1034 3636 1315 3723 unumgiinglioh,
1340 3636 1383 3702 da

203 3759 264 3827 der
294 3760 392 3827 blosse
423 3760 567 3828 Ablativ
595 3762 689 3849 nieht
720 3762 893 3845 bedeutet,
931 3784 1001 3829 was
1042 3762 1118 3827 hier
1153 3760 1378 3828 erforderlieh

203 3884 265 3966 ist,
291 3884 452 3951 niimlioh:
485 3886 665 3955 seeundum
689 3886 911 3973 decalogum.“
947 3886 1112 3953 Attamen
1136 3908 1197 3971 ego
1221 3883 1384 3952 adsentiri

202 4032 268 4083 uon
296 4032 429 4096 possum
454 4011 528 4077 viro
553 4011 761 4091 doctissimo,
786 4034 860 4076 oum
884 4012 986 4078 aliam
1009 4010 1211 4079 senteutiam
1236 4010 1384 4077 auctoris

204 4156 274 4199 esse
291 4138 423 4222 putem,
441 4136 708 4227 coniungendam
725 4136 871 4202 soilioet:
890 4137 1078 4221 inruperant
1094 4135 1241 4220 decolopo
1258 4162 1294 4192 :
1310 4157 1384 4200 oon·

204 4266 336 4327 seerent
359 4260 451 4330 vitae
481 4260 660 4329 seeundum
685 4261 889 4347 decalogum.
925 4261 1047 4356 Itaque
1071 4260 1218 4345 deeoiopo
1242 4259 1380 4325 dativus

204 4383 414 4475 accipiendus
438 4386 514 4453 erit.
