3267 5209
222 387 242 451 8

221 562 268 625 oia
289 560 331 625 ait
353 558 476 625 nauata
507 580 546 622 ea
577 556 707 623 adverae
738 556 960 621 adulteranda
981 557 1088 621 usibus
1115 554 1243 620 dirime
1265 555 1395 619 amadati-

221 686 307 769 out‘a,
338 686 414 771 quia
444 706 540 769 oeque
570 682 755 747 voluntatem
793 704 891 767 aeque
921 680 1140 747 adversarium
1177 683 1299 747 novara
1329 683 1397 747 eiua

221 835 309 897 quem
342 812 445 875 minue
478 810 609 875 novata.
643 808 717 873 Nou
751 831 824 895 erqo
861 808 917 871 Ιιοο
953 806 1052 871 sotum
1090 806 1319 895 respirandum
1352 820 1397 870 eat

221 958 243 997 a
265 958 333 1020 quo
355 934 390 1018 [a
412 932 487 999 add.
505 928 664 1015 Ursinus]
694 931 798 995 omnia
828 931 892 995 sint
918 932 1072 1012 instituta,
1102 929 1167 993 aad
1189 954 1211 994 a
1233 954 1302 1017 quo
1325 954 1396 995 oon-

220 1084 320 1127 verao.
351 1060 405 1125 Ita
435 1062 516 1124 euim
546 1059 721 1149 apparebit,
748 1060 803 1123 cui
821 1060 897 1124 aaut
916 1058 981 1145 [ito
1003 1059 1116 1142 Hart.‚
1140 1058 1237 1125 Patr.
1254 1056 1351 1126 Stud.
1368 1058 1395 1139 I,

220 1210 252 1274 p.
274 1192 303 1269 9,
334 1187 469 1251 autaut
498 1185 547 1267 A,
578 1186 666 1251 euius
695 1186 730 1249 ai
757 1185 820 1249 sint
850 1185 896 1269 B,
925 1188 980 1251 eui
1009 1188 1084 1252 uati
1117 1187 1180 1251 aiut
1209 1184 1395 1272 trigonius,

222 1312 338 1397 Reiffi]
360 1313 513 1393 instituta,
536 1311 568 1375 si
588 1324 754 1399 appareat,
778 1311 833 1375 oui
852 1334 923 1375 uon.

304 1432 1048 1524 Aoprimoquidemobtutunihilmutandum
1057 1433 1396 1502 videaturnisiforte

221 1562 457 1651 supplendum:
481 1561 608 1645 eed<et>
633 1585 653 1625 a
670 1584 730 1647 quo
752 1582 901 1623 conuerso
923 1563 1066 1648 propter
1088 1556 1176 1623 illud
1198 1558 1398 1624 antecedens

220 1712 282 1751 nou
306 1726 348 1735 -—
372 1688 428 1751 hoe
450 1688 550 1751 uolunt
572 1685 801 1775 respiciendum
831 1725 892 1761 -,
926 1708 947 1748 a
970 1707 1030 1769 quo
1053 1684 1195 1751 instetuta
1217 1699 1289 1749 aar.
1331 1682 1397 1751 Sed

220 1818 256 1879 et
271 1834 355 1899 quae
371 1811 421 1880 ita
431 1812 649 1899 legerentur,
674 1810 806 1895 omuino
823 1833 889 1878 non
905 1810 1116 1899 quadrarent
1138 1809 1182 1876 ad
1204 1809 1397 1897 sequentia:

219 1937 265 2000 e'ta
296 1937 376 1999 euim
409 1936 587 2023 apparebit,
618 1935 674 1999 eui
692 1938 769 2000 aaut
787 1936 947 2017 instatura,
980 1937 1012 1999 ai
1039 1948 1212 2024 appareat,
1243 1936 1296 1999 eui
1323 1959 1394 1999 nou.

219 2059 489 2147 Haudquaquam
506 2058 594 2127 enim
610 2066 763 2149 apparat,
778 2061 833 2127 oui
848 2060 926 2127 usui
948 2060 1030 2150 quid
1045 2083 1111 2128 non
1127 2060 1173 2127 sit
1187 2058 1394 2141 institutum,
1461 2091 1463 2095 v

220 2184 250 2250 si
281 2184 494 2273 respiciatur,
528 2206 548 2250 a
579 2207 644 2273 quo
675 2205 872 2250 conversum
904 2184 1022 2251 fuerit.
1052 2182 1208 2273 Apparet
1231 2189 1344 2251 autem
1368 2184 1398 2250 si

219 2309 379 2399 respicias
394 2332 468 2397 quo,
495 2309 602 2376 idest
625 2308 662 2374 in
685 2330 783 2395 quem
806 2330 905 2373 usum
927 2328 1126 2373 conversum
1148 2307 1258 2375 fuerit
1274 2308 1309 2393 (a
1323 2308 1397 2374 dae-

218 2430 371 2498 monibus
387 2430 483 2516 soil.).
506 2430 589 2497 Cum
605 2451 688 2497 vero
703 2452 759 2498 res
774 2430 826 2496 ita
842 2452 913 2497 sese
929 2431 1062 2512 habeat,
1079 2430 1217 2497 maximi
1239 2430 1399 2499 momenti

220 2555 360 2622 videtur
383 2577 462 2638 esse,
489 2556 578 2644 quod
592 2555 689 2643 prius
711 2555 798 2621 illud
822 2580 843 2619 a
866 2578 933 2621 non
956 2555 1115 2622 inlibris
1138 2556 1315 2638 traditum,
1340 2556 1398 2623 sed

220 2682 262 2747 ab
285 2682 410 2749 Ursino
433 2682 586 2749 additum
610 2681 666 2749 sit.
702 2682 832 2748 Verum
856 2681 944 2747 enim
966 2680 1137 2763 iuverim,
1170 2681 1199 2747 si
1222 2682 1258 2747 in
1281 2682 1397 2771 priore

220 2804 409 2871 sententiae
432 2812 532 2892 parte
557 2805 705 2872 codicum
727 2807 888 2874 lectiones
918 2830 1050 2890 servae,
1076 2808 1113 2874 in
1144 2808 1255 2875 altera
1284 2815 1398 2876 autem

220 2952 261 2996 ex
284 2956 304 2994 a
327 2931 491 2998 restituas
525 2932 613 2998 iflud
647 2947 691 3015 et,
724 2936 813 3022 quod
836 2934 1024 3001 desiderari
1047 2955 1151 3023 supra
1174 2934 1407 3020 ostendimus?

221 3055 250 3121 si
273 3055 361 3121 euim
384 3054 414 3121 dt
436 3056 472 3121 in
490 3057 675 3145 archetypo
698 3059 775 3138 fuit,
800 3059 961 3125 faofllime
985 3060 1022 3125 in
1039 3053 1074 3128 ὸ
1089 3058 1260 3147 eorrumpi
1275 3058 1396 3146 potuit.

221 3180 364 3269 Scripsit
387 3180 507 3268 igitur,
540 3182 576 3249 ni
598 3182 711 3266 fallor,
738 3184 990 3251 Tertullianus:
1022 3210 1085 3249 ooo
1116 3209 1188 3271 erqo
1218 3186 1275 3249 too
1297 3184 1396 3248 solum

219 3306 448 3392 respiciatdum
464 3320 517 3388 est,
541 3309 730 3393 quaomnia
745 3311 808 3373 aiut
824 3310 977 3390 inerrata,
1001 3309 1067 3373 aad
1090 3322 1122 3373 et
1145 3332 1215 3395 quo
1238 3331 1395 3372 conversa.

311 3580 344 3622 v.
361 3561 422 3624 20:
455 3556 529 3644 {pse
560 3559 662 3638 horne,
695 3558 831 3622 annium
853 3558 1055 3646 flaqt'tt'orum
1086 3573 1192 3623 actor
1223 3556 1328 3645 [actor
1351 3555 1395 3642 03

220 3696 327 3747 auctor
341 3680 376 3747 Α
391 3681 434 3766 Β]
451 3720 504 3747 -.

308 3805 386 3873 Non
423 3805 507 3871 mihi
545 3808 715 3895 persuasit
752 3805 934 3874 Hartelius
976 3808 1085 3892 (Patr.
1120 3807 1216 3875 Stud.
1240 3809 1276 3891 I,
1309 3831 1342 3896 p.
1362 3811 1398 3895 9)

220 3929 444 4019 respuendum
475 3952 544 3995 esse
575 3931 663 4018 quod
693 3930 894 4019 Opraebet.
927 3932 1055 4000 Parum
1079 3932 1167 4001 enim
1190 3932 1398 3999 verisimile

221 4062 272 4123 est
296 4070 401 4140 aeter,
429 4079 543 4123 voeem
567 4057 650 4125 satis
673 4082 805 4144 raram,
839 4084 881 4127 ex
904 4075 1030 4144 auctor,
1062 4083 1141 4128 saue
1164 4061 1396 4144 usitatissima,

220 4189 415 4272 corruptam
451 4204 530 4249 essa.
563 4182 704 4251 Aooedit
741 4184 862 4253 oodiois
896 4186 1098 4268 auotoritas,
1131 4185 1172 4253 de
1207 4209 1273 4274 qua
1306 4187 1399 4253 infra

189 4388 191 4392 Ι
220 4307 368 4395 plurima
381 4310 529 4376 afferam.
546 4311 667 4400 Itaque
681 4309 839 4379 Hartelio
856 4313 1022 4380 adsentiri
1033 4336 1100 4379 non
1110 4335 1244 4401 possum
1257 4313 1396 4381 dioeuti:

220 4432 285 4501 Die
309 4434 533 4507 urkundliehe
558 4436 707 4504 Gewtthr
729 4436 775 4503 ist
799 4460 835 4502 so
858 4444 923 4525 gut
945 4438 1009 4506 wie
1032 4436 1140 4506 keine.
