3267 5209
323 441 367 503 22

323 621 498 681 venerunt.
548 616 676 683 Scimus
724 614 875 701 magiae
921 623 954 682 et
1002 618 1253 703 astrologiae
1276 610 1279 617 ¹
1303 618 1501 685 societatem.

328 741 437 825 Ergo:
473 738 685 805 stellarum
720 738 967 826 interpretes
995 741 1095 828 primi
1128 742 1301 809 Christum
1329 741 1502 808 annuntia-

322 870 456 931 verunt.
471 862 559 928 Nam
572 862 672 928 aliam
685 886 817 929 oausam
830 865 947 943 neseio,
962 888 1023 931 our
1038 870 1144 933 verba
1159 883 1186 931 et
1198 868 1352 954 astrologi
1364 867 1502 933 seo-luse-

326 990 383 1057 rit.
410 990 474 1055 Sed
498 996 615 1077 aperte
639 990 762 1057 falsum
785 992 847 1057 hoo
871 993 935 1058 est!
961 992 1077 1058 Factis
1108 991 1252 1058 enimin
1276 993 1375 1059 libris
1398 991 1503 1057 sacris
1613 987 1615 1050 i

324 1114 443 1181 relatis
468 1120 635 1201 repugnat
658 1115 873 1203 syllogismus
896 1115 966 1180 ille.
990 1114 1077 1181 Nam
1100 1138 1166 1181 non
1190 1116 1273 1198 ideo,
1298 1116 1377 1204 quia
1401 1116 1498 1201 magi,

327 1247 361 1305 et
385 1239 560 1305 stellarum
576 1239 792 1327 interpretes;
818 1239 875 1305 sed
896 1262 1018 1305 revera
1041 1247 1086 1307 ut
1107 1240 1284 1307 stellarum
1299 1241 1502 1327 interpretes

323 1386 363 1428 ex
393 1363 519 1429 oriente
543 1364 577 1429 iu
601 1365 760 1431 Iudaeam
783 1370 964 1430 venerunt:
990 1362 1117 1429 scilieet
1139 1362 1218 1451 quia
1241 1364 1374 1430 stellam
1398 1364 1502 1430 secuti

323 1491 400 1573 (Ev.
422 1491 544 1555 Matth.
569 1494 598 1556 2.
622 1494 651 1571 2,
671 1490 801 1575 9-10).
840 1486 1059 1554 Soribeudum
1087 1510 1167 1573 ergo
1196 1493 1295 1575 puto:
1328 1488 1390 1553 Sed
1416 1488 1504 1573 irrupi
1613 1517 1615 1527 =

324 1625 371 1681 ott
385 1617 538 1703 astrologi
547 1640 584 1679 eoo
597 1617 711 1681 notente
727 1628 881 1680 venerunt.
898 1614 1001 1701 Magi,
1017 1614 1112 1696 enim,
1128 1586 1168 1682 ab
1183 1615 1310 1681 oriente
1322 1616 1499 1698 venienteS,

323 1739 391 1805 iam
422 1740 463 1803 ab
488 1738 639 1805 omnibus
661 1739 909 1827 intelleguntur
932 1742 989 1830 qui
1013 1744 1098 1809 sint:
1130 1741 1230 1808 iidem
1253 1744 1394 1820 soilioet,
1420 1765 1501 1830 quos

324 1865 422 1931 hodie
433 1887 559 1951 quoque
569 1865 740 1951 appellare
748 1866 967 1933 solemuszdie
975 1869 1110 1935 Weisen
1118 1868 1261 1936 eusdem
1269 1870 1501 1955 Morgenland.

324 1991 374 2057 Of.
407 1991 447 2056 de
477 2012 567 2055 earn.
592 1988 717 2056 Christ.
743 1996 807 2058 a?
843 1993 1016 2077 (dehtss,
1046 1997 1171 2079 pert.
1191 1996 1242 2076 9):
1272 2032 1313 2041 —
1345 2010 1372 2058 et
1403 1997 1506 2080 vatomi

326 2141 362 2179 ue
376 2115 557 2202 futiqeatur
581 2114 619 2177 de
642 2114 820 2201 longinquo.

413 2240 527 2305 Verba
550 2244 661 2305 autem
684 2238 805 2304 sciolas
829 2279 872 2286 -
895 2243 1066 2305 sociantem
1090 2242 1185 2328 quasi
1201 2266 1263 2329 per
1286 2243 1498 2331 parenthesin

324 2363 434 2452 posita
465 2370 553 2429 sunt.
588 2364 693 2426 Preiuo'
720 2365 819 2450 igitar
849 2366 1011 2432 stellarum
1039 2370 1220 2460 onterprates
1250 2364 1292 2417 ὲ
1326 2370 1498 2437 referenda

325 2497 405 2557 suut
433 2490 477 2556 ad
518 2504 551 2555 ot
592 2490 750 2577 ostrolopz‘.
787 2491 961 2557 Sententia
995 2492 1082 2559 enim
1110 2494 1298 2560 adversarii
1328 2497 1408 2561 haee
1436 2505 1500 2562 est:

324 2618 415 2706 magi
439 2617 492 2682 illi
515 2623 554 2683 ut
584 2619 749 2705 astrologi
772 2618 806 2684 in
838 2620 997 2687 Iudaeam
1026 2626 1191 2686 venerunt
1221 2619 1268 2705 (et
1291 2621 1407 2707 utique
1431 2645 1503 2686 oon-

326 2744 419 2810 venit
449 2742 558 2829 magis
588 2744 797 2830 astrologia).
831 2742 1011 2829 Astrologi
1046 2742 1156 2827 igitur
1189 2742 1291 2830 primi
1329 2742 1502 2809 Christum

324 2866 623 2933 annuntiaverunt.
650 2866 777 2933 Contra
800 2865 979 2953 εἰρωνικῶς
1002 2867 1113 2933 Tert:
1137 2870 1192 2931 doe
1208 2868 1329 2931 noticiae
1353 2868 1436 2950 (soil.
1463 2879 1503 2935 ut

325 2992 500 3059 stellarum
524 2991 750 3080 interpretes),
776 2994 897 3081 opinor,
925 2992 1081 3057 Christum
1104 2994 1168 3056 sibe·
1187 2994 1409 3080 obligaverant.

416 3194 440 3238 o.
462 3175 511 3253 18,
537 3196 568 3258 p.
592 3175 644 3252 51,
670 3195 702 3235 v.
721 3174 777 3237 26:
811 3171 864 3236 sa
884 3195 978 3257 perseo
1001 3196 1056 3234 noe
1079 3196 1197 3256 quoque
1211 3172 1342 3259 fideli
1362 3172 1426 3256 [ita
1449 3173 1500 3252 A,

317 3296 433 3379 fideles
450 3296 486 3378 B,
513 3297 657 3364 editores
681 3319 791 3361 omnes
805 3302 945 3383 praeter
959 3295 1173 3380 Rigaltium],
1199 3298 1231 3359 si
1252 3322 1370 3360 neeesse
1384 3297 1501 3383 feroit,

323 3422 435 3506 poterit
465 3438 492 3487 et
517 3424 690 3509 puerilis
721 3423 784 3506 [ita
807 3419 856 3504 A3
881 3421 1016 3507 pueris
1046 3421 1085 3497 B,
1118 3419 1190 3485 edd.
1219 3428 1326 3507 praet.
1356 3422 1502 3508 Rigalt]

319 3561 487 3633 praeterea
534 3549 665 3612 concedi
697 3564 724 3612 et
752 3546 923 3635 puerilis
953 3544 1016 3629 [ita
1046 3544 1080 3610 Α
1110 3546 1153 3629 B,
1180 3548 1299 3633 puellis·
1332 3546 1499 3627 Gelenius

325 3668 439 3754 Reiff.]
463 3670 552 3733 stola.

414 3791 489 3858 Non
512 3792 594 3859 mihi
616 3792 750 3881 placent
778 3795 911 3881 Ganga.
936 3801 1037 3881 atque
1065 3800 1252 3859 ceterorum
1276 3794 1500 3876 coniecturae,

325 3917 502 4003 praecipue
527 3941 600 3984 oum
622 3918 693 4006 ipse
717 3917 848 4004 Gangn.
866 3919 1047 4005 vestigium
1062 3918 1205 3985 alterius
1221 3919 1374 3985 leotionis
1390 3940 1502 3985 serva-

325 4042 425 4125 verit,
451 4066 534 4131 quae
558 4067 635 4111 sane
650 4068 708 4111 neo
724 4046 803 4112 stilo
819 4044 1037 4112 emendatiori
1051 4067 1112 4110 neo
1127 4045 1310 4111 sententiae
1326 4050 1500 4132 repugnet.

325 4164 420 4232 Dicit
458 4166 544 4231 enim
583 4172 702 4232 auctor
731 4167 870 4255 puerilis
902 4182 1066 4253 praetexta
1104 4174 1138 4235 et
1172 4169 1311 4257 pecoralis
1338 4170 1431 4251 stolo,
1462 4176 1503 4235 ut

326 4290 582 4379 distinguantur
598 4316 617 4359 a
630 4299 807 4381 praetexta
818 4292 1080 4378 magistratuum
1096 4300 1130 4361 et
1145 4295 1265 4360 astula
1280 4293 1500 4376 sacerdotum,

325 4438 409 4503 quas
432 4416 531 4503 plane
546 4415 679 4500 fidele
701 4416 794 4484 nullo
818 4418 914 4483 modo
938 4418 1096 4485 coneedit.
