3267 5209
1374 373 1414 436 15

240 582 245 595 ’
328 577 354 623 e.
374 557 424 637 12,
448 576 480 642 p.
499 555 550 635 14,
576 577 607 619 v.
626 555 696 618 2lz'
716 550 888 639 Loquitur
914 555 1034 626 auctor
1061 549 1102 616 de
1124 548 1263 635 origine
1291 555 1416 636 specta-

238 681 404 758 culorum,
438 700 523 765 quae
554 677 693 766 proprie
711 675 900 742 dicuntur:
931 673 1067 762 pugnis·
1087 667 1216 740 scilicet
1246 674 1416 742 hominum

237 804 498 891 bestiarumque.
519 799 622 882 ‘Quas
639 802 739 867 'ortas
763 821 834 865 esse
857 798 935 865 vult
959 792 1062 865 Tem(
1079 818 1121 863 ex
1143 796 1207 880 eis,
1232 798 1268 863 in
1296 798 1417 883 quibus

238 929 387 995 homines
418 929 496 995 solis
527 928 717 995 hominibus
747 925 904 1015 oppositi·
926 929 1035 993 erant
1054 957 1056 960 ·
1072 923 1136 990 Sed
1161 920 1323 1012 paulatim
1339 948 1417 1011 pro-

239 1060 318 1123 vecti
333 1056 389 1119 ud
411 1056 537 1121 'tautam
568 1054 722 1143 qratiam)
754 1054 810 1118 od*
837 1067 988 1140 wentam
1018 1065 1047 1115 et
1076 1050 1308 1129 crudelitatem,
1339 1050 1415 1135 quia

231 1184 427 1271 feriarum
448 1183 521 1268 [ita
551 1182 651 1248 Reiff.
678 1182 870 1248 coniectura
900 1180 991 1250 Max.
1015 1171 1237 1245 Klussmanni
1264 1182 1416 1263 receptam

230 1310 383 1396 ferorum
398 1307 433 1375 A
445 1308 487 1393 B;
504 1307 635 1393 ferrum
652 1308 691 1392 C]
715 1280 871 1396 uoluptati
882 1308 964 1371 satos
978 1332 1041 1371 oca
1047 1305 1177 1393 fiebat
1192 1303 1350 1393 [faciebat
1367 1302 1416 1388 G],

239 1434 305 1497 ae'ce'
325 1447 353 1497 et
367 1430 455 1518 fertis
478 1432 615 1495 humeae
640 1454 773 1518 corpora
797 1431 1039 1518 attemperantur.

347 1558 454 1623 Plane
487 1555 660 1642 indignam
697 1560 780 1643 puto
815 1551 1038 1644 Klussrnanni
1067 1552 1302 1634 coniecturam,
1336 1572 1421 1639 quae

241 1684 334 1750 inter
350 1681 444 1747 Tert.
461 1681 568 1746 verba
588 1680 785 1767 recipiatur.
809 1679 938 1745 Lusum
966 1678 1054 1745 enim
1077 1680 1258 1745 verborum
1281 1702 1420 1768 eumque

243 1808 404 1897 pessimae
428 1812 527 1875 notae
550 1807 677 1875 tribuit
701 1806 927 1873 Tertulliano.
958 1806 1030 1874 Nec
1053 1808 1137 1874 mihi
1160 1808 1332 1896 persuasit
1354 1817 1421 1875 van‘

244 1931 304 1997 der
327 1931 422 1998 Vliet
445 1932 489 2020 (p.
510 1930 573 2017 10),
599 1932 658 2018 qui
681 1932 757 2019 pari
780 1932 876 1997 modo
899 1932 955 1999 hic
977 1938 1079 2019 atque
1104 1932 1186 1999 alibi
1210 1933 1304 2001 Tert.
1326 1956 1423 2022 paro·

243 2058 413 2125 nomasiae
429 2058 608 2125 indulsisse
626 2058 807 2127 contendit.
832 2060 930 2126 Inter
945 2059 1051 2125 ferias
1067 2060 1154 2125 enim
1171 2066 1206 2127 et
1220 2059 1312 2126 feras
1328 2059 1422 2124 nulla

243 2208 384 2275 prorsus
400 2184 632 2253 similitudinis
649 2186 738 2253 ratio
754 2187 936 2254 intercedit
951 2188 1017 2254 nisi
1039 2211 1153 2254 merus
1178 2210 1289 2254 sonus.
1313 2184 1422 2250 Multo

244 2310 355 2396 igitur
378 2310 539 2377 libentius
561 2310 729 2377 retineam
752 2333 838 2399 quae
861 2312 992 2379 tradita
1020 2318 1114 2378 sunt:
1130 2312 1300 2399 ferarum
1323 2309 1422 2397 plane

246 2436 334 2502 enim
346 2438 439 2503 ferae
454 2438 506 2503 illi
526 2437 677 2505 homines
694 2438 759 2504 dici
782 2445 923 2526 possunt
933 2444 1077 2526 propter
1091 2438 1229 2504 nimiam
1245 2435 1423 2503 erudelita-

246 2566 324 2629 tem.
345 2599 380 2607 -
400 2559 451 2627 At
475 2584 514 2628 ea
537 2584 667 2650 quoque
692 2582 776 2649 quae
800 2561 826 2628 O
855 2562 997 2647 praebet
1022 2559 1341 2646 interpretationem
1363 2557 1424 2624 ali·

247 2708 345 2773 quam
366 2687 568 2754 admittunt:
594 2688 744 2754 ethnicos
768 2710 806 2755 eo
831 2686 1045 2754 crudelitatis
1067 2693 1243 2773 provectos
1268 2706 1348 2765 esse,
1373 2690 1422 2765 ut,

246 2812 337 2878 haud
350 2809 499 2877 contenti
510 2811 699 2878 hominibus
711 2810 806 2877 ferro
818 2811 966 2892 laniatis,
986 2810 1087 2878 etiam
1103 2811 1187 2877 feris
1200 2832 1255 2877 eos
1267 2810 1424 2898 dissipari

247 2936 429 3019 voluerint.
446 2936 737 3017 —Quaerendum
760 2938 872 3025 igitur
896 2938 977 3017 erit,
1007 2944 1089 3005 utra
1111 2937 1210 3003 lectio
1233 2935 1368 3003 facilius
1384 2957 1425 3000 ex

248 3061 358 3128 altera
371 3060 457 3127 oriri
469 3061 630 3147 potuerit.
645 3062 693 3127 Et
704 3062 856 3149 equidem
869 3068 985 3149 putem
992 3061 1086 3127 viros
1095 3061 1208 3127 doctos
1219 3059 1303 3125 mihi
1311 3058 1426 3123 adsen-

248 3207 346 3252 suros
361 3208 430 3251 esse
454 3208 538 3274 quae
553 3185 587 3251 A
604 3193 639 3254 et
654 3186 683 3251 B
696 3187 841 3254 tradunt
863 3186 1082 3273 praeferenti.
1106 3185 1315 3252 Perdiffioile
1339 3186 1426 3251 enim

249 3310 314 3377 duo
331 3310 414 3376 haec
429 3312 536 3377 verba
551 3310 650 3376 simul
670 3310 840 3398 eorrumpi
855 3317 1054 3398 potuerunt:
1073 3312 1205 3399 ferrum
1216 3311 1252 3375 in
1263 3310 1425 3396 ferorum,

251 3441 298 3499 et:
330 3432 475 3519 faciebat
512 3434 547 3497 in
570 3434 682 3518 flebat.
724 3432 926 3501 Coniectura
968 3441 1082 3501 autem
1120 3456 1258 3521 peccare
1291 3436 1426 3503 minime

251 3555 464 3640 Agebardini
494 3561 554 3621 est.
593 3552 720 3621 Contra
753 3555 913 3622 facillime
944 3557 1077 3644 ferram
1114 3562 1284 3648 corrumpi
1315 3564 1428 3650 potuit

251 3704 290 3749 ex
309 3681 476 3768 ferorum
507 3703 571 3768 quo
592 3682 682 3748 facto
697 3682 863 3749 librarius
879 3683 1014 3772 quidam
1029 3687 1204 3751 turbatam
1219 3695 1427 3755 structuram

251 3809 432 3877 restituere
471 3808 538 3875 sibi
556 3808 650 3875 visus
678 3810 823 3895 ‚faciebat
846 3833 908 3897 pro
940 3812 1039 3896 fiebat
1067 3813 1228 3899 reposuit.
1265 3851 1308 3858 —
1332 3812 1428 3877 Hanc
1523 3829 1525 3834 ’

251 3932 362 4019 igitur
385 3932 516 3999 unicam
545 3932 639 3999 illam
671 3933 900 4020 corruptelam
928 3956 999 3999 esse
1032 3935 1197 4016 arbitror,
1224 3957 1323 4022 quam
1346 3934 1427 4001 libri

252 4059 353 4126 Clem.
372 4058 584 4126 coniecturae
608 4060 779 4144 debemus;
806 4061 847 4127 ef.
865 4083 970 4147 supra
992 4085 1023 4148 p.
1042 4064 1072 4127 6.

341 4332 367 4375 c.
387 4312 437 4392 15,
462 4332 494 4396 p.
515 4313 566 4395 16,
589 4334 622 4377 V.
642 4314 683 4377 16
707 4333 791 4398 sqq:
823 4312 864 4376 In
894 4310 993 4377 libris
1024 4332 1108 4397 quae
1136 4311 1322 4377 traduntur
1348 4310 1429 4379 haec

253 4442 346 4503 sunt:
376 4436 516 4501 Ceterum
538 4437 712 4503 rettulimus
736 4463 834 4525 supra
851 4438 890 4502 de
905 4439 1041 4502 locorum
1056 4438 1245 4520 condicione,
1270 4437 1353 4523 quod
1368 4462 1429 4501 aon
