3267 5209
1387 384 1428 447 13

339 550 412 617 Iam
454 551 538 619 satis
576 554 736 639 probasse
770 549 855 619 mihi
889 552 1011 621 videor
1044 560 1248 641 argumenta
1286 556 1347 626 ille
1381 558 1429 623 di-

248 676 509 766 stinctionesque
531 698 598 744 non
623 678 813 745 adversarii
836 679 1018 763 cniusdam,
1042 679 1101 747 sed
1124 678 1231 769 ipsius
1253 682 1431 771 scriptoris

248 822 329 869 esse.
369 800 491 891 Itaque
522 802 666 869 extremi
697 804 868 871 enuntiati
885 804 1069 876 sententia
1099 827 1180 888 non,
1221 813 1262 875 ut
1283 810 1432 898 Kroym.=

248 929 334 1012 vult,
354 930 436 997 haee
449 936 516 997 est:
536 930 619 1013 loca,
641 932 682 998 nb
699 928 895 999 idololatria
911 927 1013 997 semel
1028 933 1264 1017 nunninae,
1281 935 1318 1002 in
1333 959 1428 1004 omne

248 1076 368 1127 aevum
376 1078 508 1149 semper
518 1082 579 1127 nos
591 1058 834 1144 contaminant3
847 1058 906 1125 sed
914 1060 1010 1126 haee:
1023 1065 1106 1127 tnno
1117 1062 1426 1145 noseonteminant‚

248 1182 325 1249 dum
341 1179 538 1251 idololatria
559 1184 596 1251 in
609 1183 691 1272 ipsis
706 1183 755 1250 fit.
781 1182 882 1266 Quod
898 1183 1041 1273 denique
1057 1182 1244 1252 certissime
1259 1189 1427 1275 probatur

246 1306 356 1375 altero
372 1304 521 1375 eiusdem
535 1304 619 1374 libri
640 1306 721 1385 loeo.
755 1306 880 1395 Capite
901 1306 1059 1386 enim15‚
1083 1331 1117 1396 p.
1137 1312 1177 1376 16
1193 1332 1263 1398 sqq.
1280 1310 1425 1398 legimus

246 1432 442 1516 (seeundum
465 1430 646 1500 editionem
670 1432 785 1516 Rani,
810 1433 853 1501 of.
878 1432 972 1500 infra
994 1456 1027 1521 p.
1047 1431 1121 1519 16)t
1149 1432 1288 1501 Ueterum
1311 1439 1427 1504 renati-

244 1579 313 1623 mus
338 1578 439 1646 supra
461 1556 500 1621 de
522 1558 658 1622 locorum
686 1558 875 1640 conditiore,
899 1558 983 1644 qaod
1005 1583 1068 1625 aon
1085 1581 1148 1649 per
1171 1564 1336 1651 smmpto
1369 1589 1426 1629 nos

245 1682 424 1767 inquinent,
454 1681 510 1751 eei
526 1705 590 1769 per
613 1704 667 1763 ea,
704 1705 784 1766 quae
806 1680 875 1745 illie
897 1695 1059 1768 wentae,
1089 1708 1153 1771 per
1173 1708 1279 1770 qaae,
1312 1688 1428 1753 simul

245 1806 512 1893 inquinamentum
533 1802 750 1887 101111110ωο11,
777 1820 864 1871 tuno
885 1804 978 1871 etiam
1001 1808 1036 1872 in
1059 1808 1175 1875 alterne
1195 1827 1357 1900 respuunt.
1381 1850 1426 1861 ·—

244 1932 350 1999 Reate
373 1930 486 2018 igitur
508 1930 602 1997 Tert.
629 1930 832 1998 sententiam
859 1952 953 1997 ame
978 1932 1180 2021 explicatam
1203 1937 1365 2021 arbitror,
1390 1946 1427 2007 et

245 2055 313 2123 iam
341 2054 537 2137 „altercatio
560 2060 678 2124 nostra
703 2055 868 2140 absoluta,
891 2056 990 2125 finita
1011 2062 1096 2127 est“.

358 2328 384 2371 0.
404 2309 455 2387 11,
472 2328 503 2394 p.
523 2309 574 2387 13,
590 2326 624 2370 v.
642 2307 702 2371 23:
728 2304 808 2369 Inde
832 2319 860 2370 ee
881 2305 949 2394 ipsi
967 2306 1428 2394 eaeotodfnnebreet'natitate‘

246 2430 386 2517 (agones
408 2430 494 2515 soil.)
530 2441 585 2493 ant
619 2429 687 2493 dein
722 2428 883 2495 nationum
918 2442 974 2493 ant
1002 2431 1134 2512 mortam
1158 2431 1255 2517 fiant.
1287 2432 1425 2499 Perinde

245 2555 348 2621 ticeli.-
377 2553 525 2643 Olpmpio
548 2555 627 2637 Iovi,
651 2579 731 2641 qaae
753 2570 826 2620 sant
847 2554 967 2619 Ranae
990 2553 1184 2644 Oapiwlina,
1220 2556 1268 2622 ita
1290 2559 1427 2626 Herodi

244 2681 380 2763 Nemea,
416 2681 563 2769 Neptuno
594 2679 744 2763 Isthmia,
780 2682 876 2744 ceteri
907 2695 1135 2747 mortuoram
1177 2685 1283 2748 varii
1310 2709 1424 2773 apenos

245 2804 453 2895 [mortonem
486 2806 573 2871 varii
603 2806 692 2893 Bmg
715 2803 757 2891 03
793 2805 962 2870 mmtaorii
984 2806 1070 2871 aerii
1089 2807 1137 2892 B;
1172 2809 1342 2874 monnarii
1358 2809 1421 2898 AJ.

332 2928 506 3017 Descripsi
529 2930 617 2997 huno
639 2926 756 3010 losum,
782 2952 850 2997 non
871 2936 942 2997 tam
965 2936 1006 2998 ut
1029 2931 1180 2999 auctoris
1203 2935 1310 3001 verba
1326 2936 1421 3002 resti·

243 3061 346 3133 tuam,
371 3075 471 3141 quam
493 3059 533 3120 ut
555 3053 721 3120 librorum
747 3053 909 3121 lectiones
931 3054 1017 3120 alias
1040 3076 1114 3120 eum
1137 3055 1216 3122 aliis
1240 3060 1419 3142 conferam,

243 3178 332 3267 quod
366 3179 410 3245 ad
445 3177 582 3245 illorum
612 3177 886 3266 propinquitates
917 3180 1164 3265 cognoscendas
1198 3181 1290 3248 haud
1319 3185 1422 3271 parvi

243 3304 403 3371 momenti
419 3324 490 3370 esse
505 3302 590 3370 mihi
610 3302 758 3371 videtur.
782 3302 832 3372 Et
855 3304 1002 3393 primum
1026 3305 1173 3373 omnium
1190 3308 1422 3395 explicandum

244 3427 327 3505 erit,
361 3428 449 3495 unde
479 3427 629 3495 traxerit
665 3426 863 3515 Gangneius
901 3427 1063 3495 lectiones
1100 3427 1179 3495 illas
1216 3430 1315 3513 duas,
1349 3456 1422 3498 eum

244 3554 344 3621 codex
376 3552 448 3619 eius
471 3576 537 3620 non
561 3552 627 3619 nisi
650 3576 751 3620 unam
783 3554 950 3640 praebere
972 3553 1142 3642 potuerit,
1173 3554 1318 3621 alteram
1340 3578 1422 3625 vero

243 3700 284 3745 ex
314 3678 348 3744 A
379 3700 445 3743 non
480 3677 618 3743 fluxisse
656 3677 693 3743 in
723 3679 904 3768 propatulo
943 3678 998 3745 sit.
1046 3678 1155 3763 Quam
1186 3702 1257 3747 rem
1297 3682 1423 3771 dupliei

243 3803 374 3871 ratione
403 3802 566 3892 explicari
589 3824 685 3891 posse
713 3803 841 3892 opinor.
878 3802 954 3870 Aut
977 3802 1065 3869 enim
1088 3803 1177 3890 quod
1204 3804 1240 3869 in
1266 3805 1421 3892 margine

242 3929 422 4017 adscripsit
453 3926 587 4015 Gangn.
627 3942 818 3993 mortuorum
846 3927 931 3993 varii
968 3929 1005 3994 in
1045 3927 1156 3995 codiee
1187 3952 1247 3996 suo
1278 3930 1419 4013 invenit,

241 4055 329 4122 unde
363 4077 437 4121 eum
460 4052 527 4140 Ag.
560 4054 703 4121 lectione
725 4054 894 4118 moimarii
923 4053 1177 4137 contaminando
1208 4077 1305 4121 suum
1334 4054 1422 4122 illud

242 4179 393 4247 effecerit
415 4181 586 4245 mercenarii
614 4178 715 4259 varii·
752 4184 814 4246 aut
836 4180 1006 4244 nemaei
1024 4181 1112 4243 vam'i
1130 4179 1197 4245 iam
1228 4180 1318 4248 liber
1348 4180 1420 4247 eius

241 4304 442 4389 praebebat,
490 4314 680 4367 mortuoram
719 4303 804 4369 enm'i
841 4309 953 4369 autem
989 4303 1076 4370 111111
1120 4312 1172 4371 est
1209 4304 1276 4371 nisi
1314 4305 1421 4395 ipsius

242 4425 445 4493 coniectura.
