3267 5209
1354 387 1398 465 69

218 576 311 642 vult:
338 571 471 660 denique
491 572 604 638 deoiad
619 573 718 637 vivae
741 572 799 658 qai
818 573 932 637 datad
945 572 1057 661 faopi,
1081 574 1213 660 deniquo
1235 588 1263 638 et
1284 576 1401 638 0ιο000

219 700 363 765 edantur.
393 698 550 777 anaoodo
571 690 639 762 'aiei
658 711 693 761 at
716 698 856 763 0002-
873 698 922 779 „d
944 698 1053 796 100110
1084 698 1261 766 Geburten
1284 698 1398 766 todter

219 825 353 890 Kinder
392 824 503 911 gehen
544 823 608 889 auf
648 822 793 890 dieselbe
832 822 949 890 Weise
992 846 1056 890 vor
1098 822 1185 906 sich,
1232 822 1297 892 wie
1343 826 1397 890 die

218 950 380 1016 lebender
401 952 464 996 -'“
509 945 593 1014 mihi
616 948 764 1035 quidem,
804 948 893 1035 quod
923 947 966 1015 ad
997 971 1112 1015 rerum
1142 927 1301 1015 naturam
1316 949 1396 1016 'non

219 1073 328 1139 minus
367 1094 466 1160 quam
505 1073 548 1140 ad
588 1071 790 1139 sententiam
829 1067 971 1153 attinet,
1009 1074 1129 1161 parum
1169 1076 1296 1161 aptum·
1314 1071 1396 1140 'esse

219 1197 365 1265 videtur.
405 1196 493 1265 Nam
524 1196 676 1286 equidem
716 1198 775 1265 vix
807 1198 1034 1265 dubitaverim
1071 1200 1178 1265 verba
1209 1199 1340 1285 denique
1370 1214 1398 1263 et

218 1324 333 1387 atterrat
362 1360 406 1371 -
436 1325 468 1386 a‘
495 1337 522 1387 at
543 1324 629 1388 viai?
661 1322 850 1393 adversarii
864 1357 867 1370 ³
882 1346 968 1407 esse,
994 1324 1076 1389 haec
1106 1322 1395 1408 fereobicientis:

218 1447 323 1533 atqui,
349 1446 378 1512 si
402 1470 515 1516 omnes
538 1446 687 1515 infantes
709 1420 827 1535 iamin
843 1455 942 1515 utero
966 1447 1133 1531 viverent,
1158 1450 1248 1515 nulli
1270 1452 1397 1518 mortui

217 1572 310 1639 nasei
326 1580 472 1660 possent.
497 1611 541 1621 -
566 1574 687 1661 Itaque
703 1576 752 1658 ab
767 1572 981 1660 Agobardini
1000 1574 1144 1659 lectione
1161 1596 1300 1657 exorsus
1315 1575 1398 1643 haec

218 1676 384 1784 suspicor:
411 1697 492 1782 :Sed
515 1700 610 1763 enim
639 1712 668 1762 et
690 1698 988 1776 mortatedanam
1019 1697 1170 1784 qaomodo
1195 1698 1230 1762 ai
1250 1712 1289 1762 at
1314 1700 1396 1763 crioil

218 1819 312 1901 Quae
336 1822 383 1891 sio
406 1828 521 1889 verto:
545 1821 642 1890 Aber
666 1845 701 1889 es
715 1823 853 1899 werden
873 1822 910 1910 ja
931 1821 1016 1907 auch
1032 1823 1125 1891 todte
1140 1821 1305 1909 geboren:
1331 1822 1395 1891 wie

218 1947 289 2026 das,
324 1968 423 2013 wenn
456 1947 504 2013 sie
535 1944 618 2017 doch
652 1948 795 2035 (sehon)
828 1947 880 2013 als
911 1945 1051 2035 lebende
1082 1948 1231 2034 geboren
1260 1948 1396 2019 werden

217 2052 346 2136 sollen?
364 2071 456 2137 Illud
468 2093 551 2138 vero
568 2072 699 2158 denique
714 2094 781 2138 non
793 2072 1021 2159 corruptelam
1034 2070 1094 2138 sed
1110 2094 1152 2139 ex
1163 2071 1396 2161 dittographia

217 2201 329 2263 ortum
378 2218 449 2263 esse
494 2196 661 2280 arbitram
701 2195 869 2263 librarius
904 2194 992 2263 enim
1024 2196 1155 2265 litteris
1190 2196 1275 2278 aaa,
1295 2219 1402 2303 quae

217 2326 399 2386 occurrunt
443 2320 479 2386 in
511 2320 626 2388 verbis
650 2325 832 2395 ,scaenam
866 2322 1050 2411 conspectis
1079 2320 1201 2405 =statim
1235 2324 1396 2412 denique

217 2442 361 2531 scripsit,
387 2443 475 2531 quod
498 2460 602 2535 supra
626 2453 839 2529 exaraverat.
863 2471 909 2520 ÷·.-
930 2447 1018 2523 Item
1041 2446 1248 2534 inresponso
1265 2426 1395 2533 quoque

217 2565 425 2633 Tertulliani
449 2567 537 2635 illud
569 2583 601 2657 et
630 2575 708 2636 ante
734 2571 877 2652 mortui„
901 2568 1063 2663 „welches
1081 2572 1138 2655 ¹(ut
1160 2576 1395 2659 rectamonet

215 2691 332 2779 Hart.)
349 2690 445 2778 jeder
462 2692 659 2781 Boziehung
675 2694 896 2781 ermangelt·“,
921 2667 1195 2784 delendumputo
1206 2696 1393 2779 ;‚iteratum

217 2816 303 2881 enim
330 2823 382 2883 est
398 2839 419 2882 a
438 2817 581 2886 librario
605 2841 646 2885 ex
662 2818 830 2905 sententia
844 2818 1169 2908 priore‚,ubi·recte
1191 2820 1392 2909 scripserat:

216 2950 253 3006 et
276 2944 397 3007 motai.
424 2940 559 3009 Scribas
583 2965 665 3030 ergo
689 2944 808 3011 velim:
836 2942 903 3029 qai
921 2958 1040 3010 autem
1066 2946 1315 3028 00000).οίοᾗ
1331 2949 1397 3032 ‚qai

208 3068 305 3154 prius
326 3067 412 3131 viai?

304 3337 331 3379 c.
349 3319 402 3398 27,
419 3339 452 3404 p.
470 3319 545 3401 345,
563 3340 595 3383 v.
613 3321 651 3385 2:
676 3290 881 3403 Quaeritur:
906 3316 1057 3403 quomodo
1076 3318 1174 3403 ipatar
1188 3320 1311 3391 animal
1324 3345 1394 3407 aaa

215 3439 352 3525 ceptam?
371 3440 511 3505 Simalm
523 3442 657 3528 conflato
672 3443 834 3528 atticoque
848 3443 1031 3524 substantia,
1044 3443 1184 3529 corporea
1199 3443 1392 3537 satanaeque,

214 3588 257 3625 aa
286 3563 386 3626 altero
418 3590 528 3630 aarum
553 3566 782 3654 praecedente?
812 3565 921 3634 Simul
945 3588 1001 3633 eas
1024 3571 1198 3655 conceptas
1222 3588 1292 3633 esse
1316 3568 1394 3659 vult

216 3686 464 3754 Tertullianus:
496 3689 644 3777 Recepito
676 3692 756 3756 caim
782 3691 823 3756 de
861 3690 1036 3756 0000000
1052 3692 1185 3779 pa'ma
1207 3691 1330 3781 [prima
1352 3690 1391 3772 Β,

213 3811 247 3876 Α
264 3810 412 3877 hocloco
437 3811 565 3897 deficit;
584 3814 764 3902 patmum
778 3812 905 3901 Reiff.].
929 3816 968 3881 Si
987 3840 1070 3879 moro
1092 3840 1155 3880 000
1178 3815 1271 3879 aliud
1293 3816 1390 3880 deter-

215 3937 353 4000 minatae·
376 3960 470 4022 qaam
492 3939 659 4005 damaactio
682 3943 822 4028 corporis
844 3943 1038 4027 animaeque,
1072 3921 1263 4006 contrariom
1286 3942 1388 4022 coorti,

213 4064 291 4146 vita)
315 4089 376 4128 000
407 4063 500 4128 aliud
531 4064 696 4150 definiatur
719 4090 811 4151 petam
836 4066 1007 4131 coadunatio
1033 4066 1173 4154 corporis
1196 4066 1387 4150 animaeque.

304 4186 485 4255 Mutilevit
514 4188 616 4257 Reiff.
655 4190 841 4257 mutatione
868 4191 953 4257 satis
989 4188 1105 4256 inutili
1143 4188 1325 4257 dilucidam
1359 4198 1394 4257 et

213 4312 346 4399 plenam
372 4312 583 4409 sententiam.
615 4313 710 4382 Dicit
734 4312 822 4381 enim
845 4322 977 4383 auctor:
1010 4316 1049 4381 de
1079 4314 1290 4389 novissimis.
1322 4309 1390 4382 ie.

218 4436 258 4501 dc
282 4444 414 4521 mortes
430 4437 582 4526 recogita
604 4438 732 4528 prima,
757 4440 779 4507 i.
799 4422 834 4506 e.'
852 4446 1054 4529 conceptum.
1090 4458 1095 4465 ’
1253 4448 1257 4455 ’
1292 4416 1296 4424 ’

1137 4549 1192 4632 χ’,
